2981 5125
1092 321 1638 395 „za-.-

209 511 346 572 hoc
393 507 648 571 invertit
692 508 896 571 et‘isti
948 511 1092 586 118,
1133 510 1278 573 huic
1321 511 1404 573 60
1449 511 1679 573 tribuit.
1767 515 1887 574 Res
1935 513 2163 574 eodem
2197 513 2259 573 in
2296 512 2495 574 chro-

214 624 484 706 nologia
526 621 708 684 redit.

395 734 643 799 Tertius
691 755 841 818 ergo
887 756 1001 798 rex
1045 737 1328 799 Hirensis
1375 746 1438 800 et
1480 739 1715 820 primus
1760 708 2216 801 Lachmitarum
2265 750 2362 801 est

459 937 657 1017 fAmr
705 931 927 1020 (quem
967 934 1260 1019 primum
1303 933 1804 1023 appellabimus)
1849 935 2023 998 filius
2069 935 2261 1018 ’Adi‚

212 1079 327 1160 qui
394 1073 730 1158 quomodo
783 1077 1142 1157 pervenerit
1203 1077 1283 1138 ad
1341 1096 1601 1159 regnum
1660 1078 1792 1160 jam
1851 1077 2115 1141 vidimus
2175 1079 2291 1140 sub
2360 1080 2495 1160 ejus

214 1191 531 1253 avunculo
578 1189 1106 1255 Dschodzaimah.
1188 1193 1417 1256 Mirum
1472 1201 1709 1267 tamen,
1771 1192 1977 1272 quod,
2034 1212 2221 1272 quum
2279 1172 2496 1254 omnes

214 1306 430 1368 dicant
489 1305 1012 1368 Dschodzaimam
1082 1308 1282 1388 prolis
1353 1315 1675 1388 expertem
1737 1306 2063 1368 ’masculae
2133 1307 2495 1381 decessisse,

211 1421 332 1482 lbn
374 1419 618 1481 Doraid
671 1422 1099 1501 posterorum'
1133 1422 1265 1504 ejus
1322 1420 1575 1503 longam
1635 1421 1862 1482 seriem
1908 1420 2209 1504 exhibeat
2249 1441 2309 1501 p.
2352 1421 2496 1482 459.

214 1535 515 1596 Hamzahr
547 1554 685 1596 eum
737 1534 860 1596 118
905 1552 1104 1595 annos
1151 1534 1240 1596 ait
1281 1552 1600 1617 regnasse,
1648 1534 1993 1596 Nuwairius
2026 1535 2168 1610 100,
2212 1534 2326 1595 Ibn
2352 1535 2496 1596 Do-
2585 1613 2591 1619 ο

213 1650 356 1710 raid
399 1649 516 1723 60,
575 1649 689 1709 Ibn
731 1648 1055 1710 Kotaibah
1108 1647 1352 1731 aliquot
1397 1649 1555 1710 ultra
1580 1649 1716 1733 ‚90,
1777 1648 2085 1709 Dschauzi
2130 1647 2325 1710 habet
2368 1647 2495 1709 ali-

214 1770 374 1844 quot
417 1771 480 1825 et
521 1762 606 1824 60
654 1769 762 1823 aut
804 1761 1352 1839 secundumalios
1401 1763 1543 1837 160,
1590 1770 1653 1824 et
1674 1770 1863 1838 certe,
1908 1760 1962 1823 si
2005 1771 2493 1842 recteeompu—

209 1886 451 1952 temus,
520 1876 738 1937 debuit
794 1874 1022 1935 vixisse
1082 1895 1269 1956 quam
1327 1877 1694 1938 diutissime.
1793 1877 1949 1937 Nam
2008 1896 2197 1956 quum
2254 1884 2493 1957 septem

202 1990 350 2051 fere
395 2007 597 2050 annos
642 1994 824 2048 natus
870 2006 909 2047 a
954 1989 1366 2050 daemonibus
1412 1989 1602 2049 fuerit
1646 1996 1858 2070 raptus
1905 1997 1967 2049 et
2005 1989 2349 2050 diutissime
2382 2010 2495 2069 per

198 2104 469 2165 deserta
509 2098 829 2175 erraverit,
873 2108 941 2163 ut
988 2107 1154 2162 totus
1196 2102 1397 2163 hirtus
1441 2100 1586 2182 pilis
1634 2110 1697 2163 et
1741 2100 2068 2182 squalidus
2115 2090 2355 2165 bestiae
2400 2096 2495 2164 si-

201 2215 426 2280 milior
482 2232 667 2296 quam
725 2213 967 2276 homini
1023 2214 1319 2292 evaserit,
1378 2215 1668 2297 adeoque
1726 2215 1828 2277 vix
1884 2218 2163 2297 potuerit
2216 2219 2492 2301 agnosci,

202 2329 560 2394 credendus
608 2336 702 2391 est
745 2346 913 2391 anno
959 2328 1094 2390 fere
1136 2329 1359 2391 aetatis
1403 2329 1706 2425 vigesimo
1754 2329 1950 2409 fuisse
2014 2333 2141 2392 suis
2186 2331 2490 2393 redditus,

205 2446 416 2519 Quum
455 2445 586 2527 jam
630 2442 734 2504 isti
781 2442 916 2524 ejus
959 2450 1313 2504 servatores
1359 2442 1860 2505 Dschodzaimae
1918 2463 2034 2524 per
2076 2445 2490 2526 quadraginta

203 2578 411 2621 annos
465 2555 854 2639 praestitisse
911 2553 1275 2618 sodalitium
1335 2557 1655 2634 dicantur,
1730 2558 1847 2620 fuit
1903 2577 2103 2621 annos
2164 2558 2489 2639 sexaginta

203 2679 426 2749 natuS,
472 2693 662 2754 quum
706 2670 1053 2753 susciperet
1091 2670 1462 2752 imperium,
1525 2672 1698 2753 quod
1743 2684 1932 2754 quum
1980 2672 2240 2753 gesserit
2290 2691 2490 2756 annos

210 2786 372 2863 118,
419 2784 688 2848 efficitur
733 2804 875 2846 eum
919 2784 1151 2847 vixisse
1194 2804 1394 2847 annos
1439 2787 1591 2861 178,
1638 2788 1810 2867 quod
1856 2788 1958 2849 vix
2005 2785 2326 2848 credibile.

212 2977 215 2980 Ι
378 2900 530 2982 Ejus
577 2897 915 2961 occasione
957 2905 1104 2957 nata
1151 2898 1459 2959 nonnulla
1504 2899 1859 2979 proverbia,
1907 2917 2069 2978 quae
2097 2897 2296 2960 videri
2327 2917 2490 2981 pos-

203 3020 353 3076 sunt
395 3012 564 3094 apud
610 3010 1199 3073 el-Maidanensem
1247 3010 1295 3094 c)
1354 3019 1415 3072 et
1456 3000 1875 3086 Nuwairiu‘m;
1938 3010 2018 3071 de
2065 3012 2197 3092 ejus
2247 3009 2487 3091 origine

207 3128 491 3189 diversas
554 3124 888 3206 opiniones
947 3127 1130 3188 affert
1180 3127 1294 3188 Ibn
1320 3124 1699 3203 fKotaibah,
1762 3143 1924 3207 quae
1982 3123 2107 3206 legi
2173 3131 2489 3204 poterunt,

208 3243 464 3325 quando
507 3240 685 3302 illum
730 3247 1038 3316 autorem,
1082 3239 1336 3303 volente
1372 3239 1530 3319 Deo,
1579 3239 1979 3301 ediderimus.
2068 3217 2232 3298 Nihil
2276 3237 2357 3298 ab
2405 3256 2484 3297 eo

201 3355 525 3438 proditum
596 3353 1008 3416 memorabile
1071 3362 1330 3435 gestum.
1443 3324 1624 3428 Quae
1688 3360 1893 3420 autem
1961 3350 2077 3413 sub
2149 3351 2227 3413 eo
2297 3351 2485 3412 refert

201 3468 526 3545 Hamzah,
573 3468 858 3549 quamvis
905 3468 986 3530 ad
1030 3469 1236 3550 ipsum
1279 3465 1538 3550 proprie
1583 3485 1709 3548 non
1754 3474 2066 3547 spectent,
2114 3466 2331 3528 referri
2383 3476 2487 3529 ta—

102 3607 112 3615 ·
198 3604 349 3646 men
414 3591 758 3657 merentur,
830 3582 974 3663 quia
1035 3580 1513 3645 memorabilem
1576 3583 1903 3661 exponunt
1958 3582 2203 3662 imperii
2259 3580 2484 3642 Persici

198 3698 696 3772 revolutionem,
764 3711 989 3777 nempe
1053 3696 1412 3758 destructae
1477 3693 1805 3779 dynastiae
1864 3674 2485 3774 Arsacida1·um'(vel

196 3784 676 3891 Ascanidarum)
725 3818 788 3871 et
830 3820 1079 3874 erectae
1121 3811 1453 3894 dynastiae
1499 3809 1942 3872 Sasanidarnm
1991 3809 2111 3890 (vel
2155 3810 2484 3894 Cosroum)

196 3925 535 3986 rationem.
621 3925 1024 4005 Apponemus
1069 3925 1335 4007 primum
1383 3925 1517 4006 ejus
1557 3923 1768 3995 verba,
1814 3902 2293 4003 quibus-deinde
2323 3924 2476 3985 bre-

200 4057 309 4100 ves
357 4037 662 4119 quasdam
709 4036 1282 4099 animadversiones
1329 4039 1692 4122 adjiciemus
1732 4036 1804 4117 d).

313 4314 361 4384 c)
401 4314 582 4383 Vergl.
618 4309 782 4366 Arab.
818 4330 966 4383 prov.
1005 4312 1088 4366 ed.
1125 4313 1367 4381 [θυμίας
1420 4311 1507 4365 die
1545 4309 1745 4365 Stellen
1782 4310 1915 4365 nach
1954 4311 2084 4365 dem·
2115 4310 2277 4365 Index
2326 4319 2479 4365 unter

202 4412 412 4465 Ahmru
450 4411 775 4465 ben-Ahdi.

314 4512 366 4582 d)
409 4512 492 4566 ed.
537 4510 859 4565 Gouwaldt.
904 4527 1019 4579 pag.
1059 4511 1143 4564 97.
