2981 5125
1031 334 1134 346 —-
1235 287 1596 365 105-

170 471 570 535 »sustinebat
606 473 772 558 apud
812 474 1123 554 Asaditas‚
1168 497 1472 561 processu
1517 484 1818 564 temporis
1865 496 2070 551 autem
2116 513 2218 555 res
2263 513 2459 559 novas

171 587 665 668 »moli-ebantur,
711 590 880 653 bona
923 590 1052 653 fide
1095 610 1322 673 parere
1365 601 1688 675 negantes.
1776 596 2179 686 Quapropter
2224 608 2312 669 eis
2360 609 2459 670 el·-

171 699 441 764 »Harith
499 721 675 766 arma
733 704 1132 787 opponebat,
1191 705 1517 789 victosque
1560 711 1765 773 saevis
1809 714 2036 795 poenis
2080 719 2456 801 castigabat;

171 834 435 877 »verum
489 814 618 893 illi,
679 818 922 880 redacti
984 819 1237 900 quidem
1292 819 1357 880 iu
1421 820 1709 885 ordinem
1768 846 1885 906 pro
1948 829 2192 909 specie,
2251 832 2457 913 ipsum

169 938 400 1011 »rapta
446 932 787 994 occasione
833 952 1206 1015 oppressum
1250 934 1664 999 trucidabant.
1749 939 1903 1001 Ideo
1940 942 2091 1005 dicit
2121 946 2254 1028 ejus
2287 945 2455 1008 filius

167 1042 629 1106 »Amrul-Kais
676 1045 842 1107 inter
885 1045 1046 1108 alios
1091 1066 1309 1111 versus
1356 1048 1546 1111 etiam
1588 1051 1787 1113 hunc:

519 1159 855 1222 »Asaditae
922 1158 1247 1223 dominum
1308 1182 1517 1225 suum·
1561 1165 1958 1229 occiderunt:
2030 1169 2204 1231 Itane
2274 1189 2455 1233 sacra

429 1272 685 1335 »omnia
726 1292 922 1354 porro
969 1274 1240 1355 profana
1288 1283 1350 1337 et
1392 1277 1649 1359 impune
1692 1279 1994 1344 violanda
2040 1288 2265 1347 erunt?

346 1381 796 1450 »Amrul-Kais
844 1407 924 1451 eo
972 1396 1275 1471 tempore,
1321 1412 1447 1472 quo
1497 1394 1578 1480 de
1623 1395 1820 1456 caede
1858 1396 1955 1458 sui
1993 1400 2187 1478 patris
2224 1400 2453 1462 audie-

160 1498 351 1575 »bat,
410 1506 547 1560 erat
588 1500 652 1561 in
699 1500 845 1563 loco
894 1502 1169 1583 quodam
1214 1505 1486 1569 Arabiae
1531 1507 1766 1585 felicis,
1812 1512 2121 1574 Dammun
2168 1513 2338 1575 dicto
2377 1514 2450 1597 q),

157 1612 357 1674 »Inde
403 1612 772 1697 intelligitur
813 1615 968 1678 illud
1019 1619 1186 1701 ejus:

508 1730 604 1791 »Ο
649 1732 1086 1793 Jemanensesl
1114 1820 1122 1828 ⁸
1154 1751 1280 1795 nox
1339 1736 1402 1796 iu
1448 1737 1756 1799 Dammun
1803 1738 1957 1800 mihi
2016 1731 2199 1801 nimis
2260 1740 2449 1825 longa

419 1841 667 1904 videtur
702 1842 769 1927 r).

337 1955 617 2017 »Deinde
660 1956 922 2037 petebat
967 1963 1029 2019 et
1073 1957 1425 2038 accipiebat
1455 1957 1869 2020 Amrul-Kais
1908 1963 2204 2025 auxilium
2244 1984 2281 2026 a
2326 1965 2444 2026 tri-

153 2069 415 2131 »bubus
469 2072 632 2131 Beer
684 2079 748 2133 et
791 2068 1031 2151 Tagleb
1087 2077 1307 2133 contra
1350 2071 1674 2146 AsaditaS,
1736 2073 1849 2134 sed
1894 2074 2190 2136 Asaditae
2234 2076 2455 2157 fug-ie—·
2529 2091 2536 2098 ·

157 2184 393 2257 »bant,
454 2193 523 2246 ut
567 2203 715 2261 eos,
779 2185 1063 2266 quamvis
1108 2202 1531 2267 persequenS‚
1594 2185 1845 2267 assequi
1893 2194 2101 2249 tamen
2143 2190 2444 2270 nequiret.

156 2296 448 2358 »Deinde
495 2317 679 2373 vero,
725 2320 917 2380 quum
960 2300 1165 2381 ipsum
1210 2299 1497 2361 Becritae
1541 2308 1604 2361 et
1647 2298 2014 2382 Taglebitae
2059 2300 2442 2379 desererent,

159 2418 263 2472 »et
311 2410 732 2487 el-Mondzir,
775 2412 943 2475 filius
987 2412 1481 2489 Ma-es-sama'i,
1528 2432 1669 2475 eum
1716 2413 2051 2496 diligenter
2093 2414 2442 2497 indagaret,

158 2524 497 2607 »ejusque,
533 2526 979 2606 Lachmidae,
1048 2535 1219 2591 metu
1284 2527 1679 2591 discederent
1737 2537 1926 2612 atque
1986 2528 2442 2611 dissiparentur

155 2637 628 2700 »Amrul-Kaisi
675 2641 933 2722 copiae,
997 2643 1340 2724 vagabatur
1383 2642 1794 2704 Amrul-Kais
1853 2663 1971 2725 per
2027 2644 2225 2706 tribus
2271 2645 2438 2708 Ara-

151 2753 391 2830 Μήσας,
436 2762 500 2816 et
544 2755 739 2818 modo
788 2755 957 2835 apud
991 2754 1161 2816 hunc
1188 2755 1480 2830 Arabena,
1527 2756 1721 2817 modo
1767 2757 1936 2837 apud
1982 2756 2158 2819 illum
2203 2758 2439 2839 hospi-

149 2869 447 2930 »tabatur
482 2869 549 2954 s),
594 2869 846 2932 tandem
894 2869 1239 2935 accedebat
1284 2869 1365 2929 ad
1409 2869 1786 2944 Samuelem,
1829 2867 2027 2929 filium
2069 2869 2274 2951 Adija‚
2322 2873 2440 2932 Ju-

152 2983 424 3046 »daeum
463 2983 522 3069 t),
625 2984 745 3047 Hic
792 2983 1047 3046 Samuel
1091 2980 1610 3043 Amrul-Kaisum
1661 2981 2015 3044 honorifice
2059 2990 2123 3045 et
2165 2985 2436 3068 benigne

151 3097 541 3179 »recipiebat
598 3108 662 3162 et
720 3098 885 3180 ap'ud
944 3118 1015 3159 se
1070 3115 1327 3159 manere
1374 3094 1658 3177 jubebat.
1744 3096 2026 3157 Tandem
2073 3105 2296 3159 exacto
2346 3098 2438 3160 ibi

148 3213 493 3293 »temporis
540 3212 754 3296 aliquo
800 3211 1008 3293 spatio
1056 3211 1140 3272 ad
1184 3210 1520 3273 Caesarem
1569 3208 1701 3293 (seu
1743 3212 2195 3290 Imperatorem
2229 3211 2437 3273 Grae-

153 3324 354 3409 »cum)
403 3324 620 3389 abibat
659 3326 1091 3402 Amrul-Kais,
1138 3327 1271 3409 ejus
1318 3324 1621 3395 auxilium
1667 3323 1990 3408 (adversus
2025 3325 2243 3388 hostes
2280 3347 2433 3390 suos

253 3561 307 3632 q)
346 3560 591 3614 Debebat
637 3563 777 3615 enim
825 3562 1071 3616 exsulare
1114 3562 1272 3631 jussu
1323 3564 1520 3633 palriS,
1577 3563 1667 3634 qui
1716 3563 1857 3616 serre
1891 3563 2044 3616 illum
2084 3563 2153 3615 ob
2197 3563 2429 3616 studium

143 3666 379 3732 poeseos
415 3661 685 3734 nequibat,
722 3670 779 3715 ut
816 3662 957 3733 quod
995 3662 1198 3715 homini
1235 3662 1449 3734 plebejo
1489 3663 1707 3734 quidem
1745 3679 2061 3732 congruum,
2097 3671 2150 3714 at
2186 3662 2429 3731 principe

139 3760 420 3830 indignum
459 3770 510 3814 et
546 3760 661 3831 ejus
699 3761 946 3830 dignitate
983 3763 1213 3816 inferius
1252 3762 1614 3832 reputabatur.

255 3861 303 3930 r)
343 3858 523 3924 lratiS,
576 3860 847 3924 sollicitis,
894 3860 1102 3914 afflictis
1140 3861 1352 3916 defectu
1389 3862 1566 3915 somni
1605 3870 1787 3915 noctes
1824 3860 2014 3930 longae
2051 3859 2314 3913 videntur.
2352 3891 2421 3900 -

134 3961 322 4030 Vei-gl.
363 3961 689 4021 Fleischer's
726 3958 1089 4030 Anmerkung.

255 4059 302 4129 s)
342 4069 399 4112 ut
434 4059 723 4130 Polynikes
762 4059 816 4112 in
854 4061 1140 4128 tragoedia.

264 4159 304 4228 t)
346 4157 405 4211 Id
447 4158 513 4213 de
554 4159 811 4227 religione
852 4166 1050 4212 tautum
1091 4158 1437 4228 capiendum,
1487 4175 1596 4210 non
1648 4157 1714 4210 de
1762 4164 1948 4226 gente3
2009 4175 2129 4210 nam
2168 4166 2281 4211 erat
2319 4175 2424 4226 ge·-

132 4259 333 4314 nuinus
372 4256 546 4311 Arabs
585 4266 636 4310 et
671 4257 887 4329 quidem
925 4274 991 4310 ex
1027 4258 1358 4312 nobilissima
1404 4258 1656 4326 prosapia
1693 4254 2107 4311 Gassanidarum
2143 4258 2421 4311 oriundus.

143 4358 294 4417 Unde
350 4365 491 4427 patet
539 4374 708 4410 nexus
755 4357 897 4419 bunc
947 4356 1087 4411 inter
1138 4365 1189 4409 et
1235 4355 1618 4421 el-IIarithum
1660 4354 1951 4422 Claudum,
2008 4358 2074 4411 de
2124 4376 2228 4429 quo
2283 4375 2424 4409 mox.

138 4459 259 4513 Vid.
298 4457 407 4508 Ilm
449 4454 680 4507 Doraid.
727 4474 775 4525 p.
817 4455 932 4508 l5l.
997 4458 1001 4473 ”
