2981 5125
1376 330 1477 340 .-
1584 283 1742 359 102
1844 330 1939 342 --

532 478 907 562 »fugientem
939 474 1259 537 Kinditam
1299 475 1844 555 persequebantur
1876 472 2264 555 Taglebitae,
2310 473 2415 555 qui
2462 472 2839 555 potieban-

534 601 673 657 »tur
732 593 867 676 ejus
928 590 1156 671 opibus
1217 596 1280 650 et
1325 588 1741 670 quadraginta
1787 587 2116 649 animabus
2162 587 2243 648 ab
2289 588 2625 649 Hodschro
2675 587 2837 648 Akil

536 703 970 779 »el-Morrari,
997 685 1151 785 'ejus
1199 718 1343 776 avc,
1388 702 1734 785 prognatiS‚
1791 722 1951 784 quos
1997 702 2161 764 inter
2205 710 2384 763 erant
2425 702 2658 785 gemini
2704 699 2838 762 filii

537 819 773 901 »ipsius
818 813 996 879 istius
1044 815 1415 892 et-Harithi‚
1462 835 1623 897 quos
1668 815 1750 877 ad
1796 835 1985 876 unum
2029 817 2248 877 omnes
2283 816 2551 896 peremit
2581 815 2643 876 in
2682 824 2837 878 ter-

539 932 799 996 »ritorio
846 930 1311 993 Marinidarum.
1400 931 1543 1005 Qua
1602 930 1682 992 de
1738 950 1808 992 re
1865 930 1956 991 sic
2019 931 2188 992 canit
2228 928 2415 1011 hujus
2471 926 2835 991 el-Harithi

542 1065 800 1126 »nepos,
842 1041 1274 1119 Amrul-KaiS,
1320 1043 1487 1107 filius
1532 1042 1979 1129 Hodschrim)=

884 1156 1266 1243 »Redierunt
1314 1180 1455 1223 cum
1504 1159 1743 1241 praeda
1789 1166 1852 1221 et
1895 1157 2155 1239 captivis
2203 1165 2264 1221 et
2307 1156 2453 1221 filiis
2500 1178 2718 1242 regum
2760 1157 2832 1219 in

798 1269 1067 1346 catenis,

896 1382 1208 1466 »Regibus
1256 1384 1336 1446 de
1384 1394 1570 1467 gente
1612 1386 1963 1462 Hodschri,
2019 1384 2133 1447 filii
2178 1383 2403 1459 ’Amri‚
2462 1403 2623 1465 quos
2664 1403 2831 1464 pro-

802 1497 1127 1580 pellebant
1172 1494 1512 1579 (tamquam
1555 1498 1812 1583 pecora)
1859 1509 1921 1562 et
1963 1518 2266 1581 vesperae
2313 1498 2711 1561 occidebant.

891 1611 1123 1672 »Modo
1194 1593 1296 1672 die
1364 1610 1524 1673 aciei
1590 1613 1962 1676 cecidissent
1995 1612 2088 1697 n);
2178 1632 2393 1674 verum
2465 1609 2876 1690 ceciderunt,

803 1726 964 1786 inter
1010 1723 1353 1788 Marinidas
1394 1722 1467 1808 ο).
2510 1707 2518 1718 ’

806 1917 812 1924 ἱ
897 1837 1152 1918 »Capita
1209 1858 1429 1900 eorum
1485 1856 1650 1920 aqua
1695 1835 1954 1899 lustrata
2003 1858 2132 1899 non
2176 1838 2460 1912 fuerunt,
2518 1836 2633 1898 sed
2677 1856 2835 1919 gru-

811 1951 927 2013 mis
974 1951 1293 2034 sanguinis
1338 1951 1624 2014 involuta
1671 1960 1733 2014 et
1777 1952 1955 2032 quasi
2003 1952 2284 2034 oppilata
2328 1959 2493 2013 sunt.

899 2068 1103 2128 »Toto
1143 2064 1245 2127 die
1277 2065 1724 2128 inhaerescunt
1755 2066 1906 2147 ipsis
1941 2084 2089 2128 aves
2127 2062 2539 2149 (carnivorae)
2586 2072 2652 2127 et
2690 2063 2835 2128 vel-

815 2180 1026 2254 licant,
1074 2187 1463 2260 carpuntque
1510 2187 1638 2241 tam
1680 2181 2044 2261 palpebras,
2089 2198 2276 2261 quam
2324 2179 2602 2241 oculos.»

736 2293 914 2373 »Ipse
953 2302 1162 2354 autem
1195 2292 1524 2355 el-Harith
1563 2294 1876 2356 evadebat
1913 2294 1978 2356 in
2016 2293 2396 2357 territorium
2433 2293 2832 2368 Calbitarum,

571 2406 716 2468 »ubi
761 2407 1006 2482 mansit,
1053 2406 1256 2467 donec
1302 2398 1571 2489 οἷφανής
1611 2390 1895 2490 arguero,
1941 2428 2066 2488 quo
2115 2417 2326 2469 autem
2372 2407 2566 2468 modo
2615 2406 2836 2487 dispa-

571 2519 801 2583 »ruerit
845 2539 880 2583 e
924 2520 1096 2583 voltu
1143 2518 1456 2594 vivorum,
1510 2538 1639 2580 non
1685 2521 2087 2595 consentiunt
2129 2530 2437 2586 auctores
2526 2520 2835 2594 Quantum

572 2637 691 2698 »ad
735 2635 978 2698 liberos
1025 2637 1160 2718 ejus
1206 2633 1457 2710 attinet,
1511 2636 1909 2716 praefecerat
1951 2636 2160 2700 adhuc
2200 2638 2376 2700 vivus
2420 2656 2601 2698 suum
2646 2634 2835 2697 filium

572 2749 1010 2812 »Hodscbrum
1068 2749 1237 2832 genti
1290 2751 1462 2813 Asad
1524 2758 1589 2812 et
1642 2749 1811 2834 genti
1868 2750 2278 2828 Chozaimae,
2339 2749 2452 2812 filii
2492 2748 2836 2825 Modricah,

572 2863 890 2946 »reliquos
949 2867 1186 2947 pariter
1242 2864 1431 2926 alium
1489 2863 1595 2926 alii
1652 2863 1962 2926 Arabicae
2018 2863 2239 2940 tribui,
2297 2874 2365 2927 ut
2409 2862 2839 2926 Scharahtlum

574 2970 1128 3057 »Beer-Wa·ilidiS,
1175 2978 1492 3041 Salamam
1525 2978 1868 3062 Taglebitis
1915 2985 1978 3039 et
2021 2979 2334 3055 NamritiS,
2376 2976 2839 3040 Ma'dicaribum

576 3094 1178 3157 ›>Kais-'GailanidiS.
1264 3095 1383 3156 Hic
1410 3093 1773 3156 Ma'dicarib
1803 3093 2051 3155 solebat
2086 3089 2263 3178 Golf
2276 3091 2585 3175 appellari
2617 3088 2842 3174 (capsa,

569 3207 819 3283 .»theca‚
861 3206 1055 3292 pera‚)
1119 3206 1264 3288 quia
1326 3204 1658 3295 taqallafa
1719 3191 1937 3289 (quasi⁴
1966 3225 2219 3291 capsam
2263 3205 2520 3288 fecerat)
2565 3223 2688 3266 suo
2734 3219 2844 3264 ca-

581 3320 729 3402 »piti
778 3341 855 3383 ex
900 3320 1286 3381 aromatibus
1325 3317 1401 3402 p),
1512 3319 1812 3383 Hodschr
1854 3319 1979 3382 ille·
2008 3321 2213 3401 primo
2258 3320 2408 3381 loco
2456 3336 2845 3379 commemo-

580 3440 822 3510 »ratus,
888 3433 1184 3514 idemque
1241 3439 1424 3513 pater
1478 3431 1917 3498 Amrul-Kaisi
1977 3441 2242 3517 poe'tae,
2307 3454 2408 3496 res
2465 3429 2848 3514 aliquamdiu

665 3672 735 3740 m)
773 3668 875 3724 Die
913 3670 1100 3724 diesen
1140 3668 1361 3723 Dichter
1408 3670 1773 3746 betress'enhden
1812 3669 2168 3726 Nachrichten
2219 3669 2397 3723 finden
2435 3667 2550 3722 sich
2587 3668 2662 3721 im
2710 3665 2849 3720 We-

574 3770 866 3826 sentlichen
918 3771 1118 3826 ebenso
1173 3771 1232 3822 in
1283 3771 1335 3822 le
1382 3772 1587 3822 Diuum
1640 3773 2033 3825 d’Amro’llmis
2092 3791 2199 3842 par
2253 3768 2566 3830 deffSl'ane3
2641 3767 2852 3838 geriuge

572 3867 1011 3940 Abweichungen
1047 3872 1102 3925 in
1145 3870 1248 3925 den
1284 3871 1493 3926 Versen
1533 3872 1671 3928 habe
1721 3870 1811 3925 ich
1860 3871 2008 3927 nicht
2051 3871 2138 3924 fiir
2187 3868 2366 3938 nothig
2402 3867 2646 3939 gehalten
2682 3880 2851 3935 anzu-

517 3984 518 3987 ’
580 3970 818 4023 merken.
929 3972 933 3977 ’

688 4069 742 4141 n)
782 4067 842 4122 ld
882 4069 1073 4123 fuisset
1110 4069 1281 4124 saltim
1316 4048 1606 4123 'honestum
1645 4078 1697 4124 et
1733 4069 2027 4123 tolerabile.

690 4168 745 4237 o)
783 4168 979 4221 tribum
1010 4169 1170 4224 vilem
1211 4177 1264 4223 et
1301 4150 1610 4239 ignobilem,
1647 4168 1792 4240 quod
1830 4185 2054 4238 prorsus
2089 4165 2503 4235 ignominiosum
2541 4172 2591 4217 et
2625 4180 2735 4216 non
2765 4144 2852 4215 l'e-

511 4282 512 4285 ’
582 4266 827 4322 rendum.

687 4367 741 4440 p)
782 4367 938 4422 siccis
990 4367 1194 4437 pariter
1247 4374 1403 4438 atque
1453 4365 1688 4421 humidis
1745 4376 1797 4420 et
1844 4365 2154 4437 pulveribus
2207 4364 2446 4420 crinibus
2499 4363 2752 4417 admistis.
2792 4388 2851 4400 ·-

586 4467 793 4519 Glmlik
831 4465 917 4520 bei
957 4465 1237 4517 Fleischcr
1276 4484 1322 4518 a.
1346 4484 1392 4518 a.
1415 4464 1482 4519 Ο.
1523 4464 1590 4520 ist
1630 4465 1908 4535 unrichtig.
