2981 5125
1015 345 1573 420 -221—

495 536 663 596 »Nos
711 535 1265 617 oppignoravimus
1313 553 1523 597 arcum
1572 542 1688 596 etc.

329 647 517 710 »Inde
561 648 806 731 fugiens
854 648 1184 711 el-Haritb
1230 646 1639 729 perveniebat
1684 648 1765 708 ad
1809 646 2183 724 Ma’badum,
2230 649 2422 711 filium

146 763 506 838 »Zoraa-ah,
567 770 981 844 rogatamque
1041 764 1176 846 ejus
1235 760 1695 843 protectionem
1744 760 2101 838 obtinebat,
2165 763 2425 845 ejusque

147 895 382 939 »causa
415 875 779 957 contigebat
811 875 1025 938 clades
1060 874 1420 949 Ram-aban,
1469 875 1547 936 de
1584 896 1705 956 qua
1736 877 1867 959 jam
1902 875 2187 937 diximus,
2272 875 2426 936 Inde

146 989 473 1071 »fugiebat
515 989 793 1050 Meccam
843 990 927 1050 ad
969 989 1423 1063 KoraiscbitaS‚
1471 1008 1510 1049 a
1555 990 1782 1070 quibus
1830 990 2162 1051 oriundum
2208 1010 2277 1051 se
2322 990 2423 1050 vi·-

147 1104 327 1164 »deri
361 1101 633 1163 volebat.
721 1103 879 1164 Sunt
921 1101 1085 1163 enim
1131 1103 1479 1185 genealogi,
1526 1103 1629 1184 qui
1677 1101 1885 1185 (vulgo
1932 1105 2162 1165 dictum
2209 1111 2270 1165 et
2314 1122 2428 1164 re·-

146 1215 495 1299 »putatum)
522 1216 839 1292 Morram,
881 1215 1077 1277 filium
1119 1216 1278 1293 Aufi,
1324 1216 1435 1278 filii
1481 1217 1671 1294 Sa’di,
1715 1217 1827 1278 filii
1872 1216 2182 1300 Dzobjani
2222 1215 2273 1299 x)
2320 1216 2425 1277 af·-

146 1331 448 1392 »firmant
489 1347 711 1391 revera
753 1328 948 1390 fuisse
992 1330 1306 1406 Morram,
1351 1330 1551 1395 filium
1594 1332 1767 1408 Aufi,
1812 1329 1925 1393 filii
1971 1329 2268 1411 Lowaiji,
2311 1328 2425 1390 filii

142 1445 415 1507 »Galibt
500 1445 640 1505 Hoc
684 1444 898 1524 itaque
943 1444 1213 1507 artificio
1261 1445 1518 1509 volebat
1560 1464 1629 1508 se
1671 1444 2066 1507 Koraschitis
2114 1443 2423 1517 affricare,

143 1560 569 1641 »dicebatque
615 1577 754 1619 eam
800 1558 863 1617 in
910 1576 1041 1618 rem
1086 1558 1213 1620 hos
1257 1580 1505 1621 versus:

493 1675 866 1753 »Postquam
913 1671 1164 1733 deserui
1212 1672 1585 1748 Tha’la'bah,
1629 1671 1824 1734 filium
1864 1674 2053 1750 Sa’di,
2100 1682 2161 1735 et
2202 1682 2423 1736 caete-

404 1809 512 1851 ros
557 1806 776 1848 eorum
825 1782 1359 1874 (Iha’labitarum)
1404 1785 1665 1861 fratreS,
1716 1785 1931 1848 refero
1978 1806 2183 1849 meum
2230 1806 2423 1869 genus

407 1901 488 1962 ad
533 1898 911 1980 Lowaijum,

498 2011 633 2073 »Ad
674 2010 1044 2091 prosapiam
1089 2028 1462 2090 generosam
1511 2008 1763 2072 minime
1806 2009 2026 2087 vilem,
2072 2011 2153 2073 ad
2201 2011 2426 2073 tribum

400 2127 567 2187 inter
609 2141 845 2206 paucas
894 2122 1369 2185 nobilissimam.

497 2237 601 2300 »Si
651 2255 731 2310 ex
772 2235 872 2297 his
920 2255 1055 2297 mea
1103 2237 1289 2299 fuerit
1336 2237 1555 2318 origo,
1621 2235 1806 2320 (quae
1852 2237 2001 2297 mibi
2050 2238 2255 2321 major
2298 2257 2425 2319 po·-

409 2351 552 2414 terit
595 2349 801 2432 gloria
848 2351 1277 2436 contingere?)
1383 2352 1539 2414 Sunt
1594 2352 1757 2413 enim
1806 2372 1882 2413 ex
1924 2351 2049 2413 illis
2096 2351 2425 2414 columnae

405 2463 555 2537 Dei,
597 2462 711 2524 filii
756 2463 1027 2547 Kosaiji.

146 2580 320 2642 »Sed
365 2576 801 2640 Koraischitae
861 2579 1162 2640 nolebant
1215 2580 1380 2641 hanc
1433 2581 1679 2662 generis
1724 2581 2231 2660 praetensionem
2280 2589 2426 2642 tan-

147 2711 381 2773 »quam
428 2698 747 2766 coactam,
811 2691 1066 2753 dubiam
1115 2701 1177 2754 et
1218 2695 1408 2776 longe
1453 2693 1715 2773 petitam
1760 2713 2121 2776 agnoscere.
2227 2696 2426 2758 Iratus

151 2807 409 2887 »itaque
456 2804 824 2866 discedebat
869 2813 932 2866 et
973 2805 1255 2867 dicebat·

506 2919 676 2978 »Vos
723 2937 851 2978 non
897 2917 1046 2980 estis
1091 2918 1170 2979 de
1211 2918 1414 2994 nobiS,
1459 2937 1663 2998 neque
1699 2937 1818 2978 nos
1856 2937 2069 2979 sumus
2105 2919 2183 2980 de
2219 2921 2428 2980 vobis:

415 3029 626 3113 palam
674 3029 1063 3093 declaramus
1111 3032 1277 3112 apud
1324 3052 1460 3106 vos,
1508 3031 1690 3093 nobis
1736 3030 1894 3093 nihil
1940 3050 2081 3097 cum
2122 3031 2428 3116 Lowaijo,

415 3143 550 3205 filio
599 3142 832 3220 Galibi,
879 3165 1212 3207 commune
1260 3166 1397 3208 esse
1445 3154 1562 3207 etc.

158 3260 467 3339 »lbatque'
511 3257 575 3318 in
621 3259 863 3342 Syriam
911 3260 990 3320 ad
1037 3261 1350 3333 landum,
1412 3257 1612 3321 filium
1655 3259 1861 3334 Amri,
1912 3257 2431 3336 ’l-Gassanitam,

156 3373 420 3456 »quiet
461 3391 573 3434 sua
620 3373 1014 3455 protectione
1058 3371 1261 3454 ipsum
1310 3373 1719 3456 dignabatur,
1784 3381 1846 3435 et
1890 3374 2095 3437 multis
2142 3377 2431 3437 cumula-

157 3490 312 3550 »bat
354 3487 726 3549 bonoribus,
813 3485 955 3569 (Sed
1015 3508 1220 3569 neque
1278 3487 1445 3568 apud
1510 3506 1651 3549 eum
1709 3487 1862 3548 tueri
1919 3508 1989 3549 se
2032 3497 2285 3568 poterat
2329 3490 2432 3549 el·-

159 3601 464 3684 »Harith.)
551 3600 843 3662 Habebat
889 3603 1050 3663 enim
1098 3602 1207 3663 ille
1252 3601 1425 3662 Jazid
1472 3601 1776 3663 camelam
1814 3601 1869 3684 y)
1916 3599 2203 3676 ἄσυλον,
2260 3599 2433 3665 ἄθι-

164 3740 392 3791 »κτον,
435 3714 535 3777 cui
580 3715 988 3793 appenderat.
1015 3716 1094 3776 de
1139 3715 1381 3777 cervice
1428 3714 1691 3777 cultrum
1736 3723 1798 3776 et
1840 3715 2029 3776 focile
2076 3723 2138 3777 et
2178 3715 2431 3775 bursam

167 3829 394 3904 >›saliS,
437 3828 528 3890 sic
572 3834 917 3888 tentaturus
964 3834 1024 3889 et
1070 3828 1511 3909 exploraturus
1558 3849 1708 3890 suos
1752 3828 2077 3903 subditos,
2113 3848 2258 3888 num
2295 3827 2433 3908 quis

167 3964 428 4007 »eorum
473 3961 612 4004 eam
660 3940 964 4002 camelam
999 3960 1261 4004 ausurus
1296 3942 1377 4004 sit
1407 3951 1703 4016 mactare,
1748 3959 2049 4020 suamque
2082 3940 2173 4002 sic
2204 3948 2431 4001 aucto-

167 4059 456 4135 »ritatem
502 4056 780 4119 laedere.
866 4056 1046 4117 Hanc
1088 4056 1402 4118 mactabat
1445 4054 1775 4117 el-Harith
1818 4055 1878 4114 in
1924 4054 2185 4136 gratiam
2221 4053 2433 4115 uxoris

169 4190 383 4247 »suae,
426 4189 588 4252 quae
635 4176 928 4251 correpta
970 4169 1111 4250 pica
1153 4170 1464 4254 gestiebat
1507 4163 1759 4231 carnem
1804 4167 2173 4230 camelinam
2212 4187 2435 4230 come—

276 4421 329 4491 x)
367 4441 394 4475 a
435 4440 542 4492 quo
585 4421 898 4477 deveniebat
934 4421 1235 4476 el-Harith.

277 4521 332 4594 y)
370 4519 479 4574 Alii
517 4522 584 4575 de
621 4523 785 4577 ariete
819 4533 870 4576 et
905 4541 1029 4593 rege
1066 4522 1266 4589 Amro,
1300 4522 1410 4576 filio
1450 4520 1687 4586 Hindae,
1725 4523 1777 4575 id
1817 4522 1958 4580 idem
1997 4524 2251 4578 referunt.
