2981 5125
522 530 881 609 »utriusque
926 525 1126 609 gentis
1174 524 1426 588 exitium
1469 525 1695 589 effecit.
1781 524 2139 589 Accedebat
2155 513 2332 587 'enim
2368 527 2449 591 ad
2488 547 2631 590 eum
2670 527 2810 590 ali-

521 643 815 724 »quando
861 637 1459 721 mulier'quaedam‚
1504 641 1759 702 nomine
1800 635 2134 715 Hozailab,
2175 638 2311 701 filia
2352 639 2601 717 Mazini,
2655 660 2810 703 cum

524 755 788 818 »marito
836 775 987 831 suo,
1049 754 1185 816 Mas
1232 753 1434 830 dicto,
1499 755 1605 835 qui
1660 772 1798 814 eam
1855 752 2221 834 repudiarat
2264 760 2328 815 et
2365 754 2495 837 jam
2540 754 2814 816 volebat

523 877 838 931 »creatum
866 873 965 929 'ex
1010 875 1085 929 ea
1128 867 1326 930 filium
1372 869 1495 930 sibi
1540 867 1660 931 soli
1706 865 2039 928 vindicare.
2136 866 2316 927 Hanc
2357 865 2450 928 illi
2492 866 2673 928 litem
2717 868 2809 930 ad

490 965 725 1062 ⁸»regis
765 980 1087 1042 arbitrium
1128 980 1507 1043 referebant.
1591 972 1902 1044 Hozaila'h
1944 978 2141 1042 filium
2187 979 2355 1040 hunc
2400 979 2481 1041 ad
2528 999 2600 1041 se
2645 1000 2807 1061 per-

476 1173 487 1184 ⁶
523 1094 759 1157 »tinere
790 1094 1213 1157 contendebat
1242 1093 1409 1170 iden,
1458 1095 1630 1177 quod
1667 1113 1808 1155 eum
1852 1113 1969 1174 per
2012 1111 2241 1155 novem
2286 1111 2534 1154 menses
2581 1102 2803 1176 gesta-

523 1209 642 1271 »rit
684 1216 747 1274 et
787 1216 973 1290 partu
1018 1208 1304 1283 ediderit,
1345 1187 1537 1291 pleno
1582 1207 1959 1270 nutrimento
1998 1205 2343 1282 lactaverit,
2389 1213 2451 1267 et
2482 1226 2618 1268 non
2652 1215 2802 1268 tan-

522 1329 690 1384 »tum
752 1320 1157 1384 emolumenti
1214 1321 1406 1397 nihil,
1471 1321 1585 1385 sed
1643 1322 1828 1383 etiam
1895 1321 2103 1390 damni
2167 1320 2425 1382 multum
2485 1319 2803 1383 habuerit.

501 1429 695 1497 '»Jam
723 1444 1058 1518 postquam
1093 1436 1357 1518 adeptus
1387 1436 1667 1519 integros
1714 1441 1777 1498 et
1817 1434 2115 1496 robustos
2160 1433 2347 1495 fuerit
2389 1433 2698 1496 articulos
2744 1442 2805 1496 et

525 1550 937 1612 »commodos
981 1569 1213 1625 mores,
1257 1548 1546 1611 maritum
1592 1547 1756 1612 velle
1800 1547 1918 1610 sibi
1963 1547 2023 1608 vi
2071 1554 2260 1629 atque
2301 1547 2608 1610 violentia
2653 1547 2800 1609 adi-

527 1682 758 1725 »mere.
845 1663 1079 1725 Contra
1122 1661 1380 1724 maritus
1436 1680 1556 1743 pro
1609 1670 1903 1744 suscepta
1961 1679 2157 1743 opera
2209 1661 2330 1742 ipsi
2376 1659 2637 1742 plenam
2685 1662 2800 1723 de-

525 1778 736 1839 »disse
796 1777 1043 1853 dotem,
1106 1759 1325 1856 quaml
1348 1774 1513 1836 adeo
1567 1774 1920 1857 nequiverit
1974 1775 2039 1836 in
2087 1773 2577 1836 emolumentum
2621 1794 2802 1836 suum
2913 1825 2918 1832 .

527 1897 955 1952 »convertere.
1037 1887 1193 1951 Inde
1236 1888 1356 1950 sibi
1402 1887 1561 1964 nihil
1607 1887 1781 1950 aliud
1821 1887 1973 1949 honi
2020 1888 2381 1964 accessisse,
2425 1906 2615 1968 quam
2660 1895 2802 1960 sto-,
2914 1951 2917 1972 ἓ,

526 2002 757 2064 »lidum
803 2010 866 2065 et
908 2003 1185 2065 ferocem
1217 2019 1511 2084 puerum.
1596 2003 1934 2065 Remittere
1977 2021 2048 2064 se
2091 2001 2243 2084 regi,
2288 2009 2356 2065 ut
2390 2001 2632 2064 faceret
2663 2023 2801 2064 cum
2914 1997 2917 2040 ³

526 2137 761 2199 »puero
824 2125 886 2180 et
941 2118 1068 2180 hoc
1125 2116 1419 2199 negotio,
1481 2116 1655 2197 quod
1713 2115 1945 2184 vellet„
2014 2114 2170 2178 Inde
2221 2135 2335 2178 rex
2389 2134 2532 2177 eum
2588 2117 2800 2198 pueris
2898 2129 2905 2170 ἱ

529 2229 824 2313 »(verniS,
886 2230 1169 2307 famuliS,
1235 2229 1758 2316 satellitibusque)
1804 2229 1932 2293 suis
1977 2229 2315 2293 inserebat.
2401 2228 2804 2310 Quapropter
2914 2259 2915 2274 κ

528 2343 918 2405 »lamentans
950 2343 1264 2405 Hozailah
1308 2344 1561 2406 dicebat
1601 2344 1723 2406 hos
1767 2363 1983 2405 versus
2027 2378 2114 2389 —
2151 2342 2201 2428 z)
2287 2344 2360 2405 Id
2391 2342 2653 2423 audiens
2686 2362 2803 2405 rex
2914 2331 2915 2354 ³

529 2453 835 2532 »⁹Amluc,
878 2454 1066 2517 valde
1108 2455 1501 2519 irascebatur
1547 2464 1608 2518 et
1643 2456 1917 2539 jurabat,
1962 2456 2134 2519 nolle
2176 2455 2539 2538 permittere
2582 2474 2801 2536 porro,

529 2578 638 2633 »ut
680 2571 807 2633 ulla
849 2556 1125 2633 foemina
1172 2570 1252 2632 de
1285 2570 1593 2634 Dschadis
1638 2591 1778 2633 cum
1821 2589 2061 2652 sponso
2109 2590 2225 2632 suo
2269 2569 2442 2653 prius
2490 2589 2803 2631 concum-

531 2683 710 2761 »bat‚
751 2669 966 2766 'quam
1025 2684 1164 2766 ipse
1222 2686 1359 2768 ejus
1419 2685 1915 2768 experimentum
1974 2685 2227 2766 ceperit.
2317 2684 2389 2746 Id
2434 2683 2624 2746 etiam
2670 2682 2804 2746 ali-

531 2798 865 2880 »quamdiu
909 2798 1024 2861 fuit
1063 2799 1484 2877 observatum,
1535 2800 1739 2863 donec
1781 2777 2086 2873 ’ofairah,
2131 2798 2261 2861 filia
2293 2795 2504 2875 ’Mart
2534 2796 2805 2891 oscha-

530 2911 790 3005 ›3disitis,
835 2932 1022 2974 soror
1064 2912 1442 2989 el-Aswadi,
1489 2912 1726 2974 domini
1770 2911 2326 2987 Dschadisitarum,
2371 2911 2452 2973 ad
2496 2931 2806 2994 sponsum

529 3047 747 3089 »suum
792 3025 1228 3090 deduceretur.
1311 3026 1429 3089 lna
1471 3046 1591 3109 pro
1632 3036 1890 3106 recepto
1935 3048 2117 3092 more
2161 3027 2244 3090 ad
2285 3024 2633 3088 ’Amlucum
2676 3025 2806 3087 de-

528 3140 971 3220 ›>portabatur,
1031 3160 1248 3203 verum
1294 3140 1606 3203 deflorata
1651 3159 1689 3203 a
1731 3139 2009 3204 'Amluco
2057 3148 2118 3203 et
2159 3139 2416 3203 dimissa
2460 3140 2676 3202 exibat
2721 3139 2807 3203 ad

529 3248 827 3335 »gentiles
861 3272 1026 3317 suos
1071 3253 1599 3337 sanguinolenta,
1643 3253 1858 3316 lacero
1902 3253 2192 3331 indusio,
2249 3262 2377 3317 tam
2422 3260 2805 3332 antrorsum,

525 3383 753 3444 »quam
794 3372 1173 3443 retrorsum,
1235 3366 1447 3429 dicens
1506 3366 1628 3430 hos
1680 3385 1898 3430 versus
1943 3403 2028 3415 —
2066 3367 2116 3452 a)
2163 3367 2391 3431 deinde
2434 3365 2556 3429 hos
2617 3366 2805 3444 alios,

433 3560 448 3573 ι
528 3477 792 3559 »quibus
834 3478 1266 3543 Dschadisitas
1313 3488 1540 3543 contra
1583 3479 1938 3544 Thasmitas
1982 3480 2303 3544 irritabat:

628 3736 675 3806 z)
713 3736 907 3788 Reiske
942 3735 1032 3790 hat
1069 3737 1147 3791 sie
1181 3735 1330 3811 nieht
1366 3737 1660 3801 iibersetzt;
1698 3737 1777 3791 sie
1813 3736 1994 3792 lauten
2028 3736 2117 3792 bei
2155 3735 2514 3792 el—Cazwini:

592 3834 715 3890 Wir
749 3837 941 3891 kamen
981 3855 1102 3890 zum
1140 3834 1354 3891 Bruder
1390 3836 1485 3891 des
1523 3834 1738 3902 Thasm,
1780 3836 1944 3890 damit
1981 3854 2041 3890 er
2077 3836 2344 3891 zwischen
2378 3854 2482 3890 uns
2518 3834 2715 3900 ricbte,

591 3934 673 3989 Da
710 3936 858 3990 siillte
897 3953 957 3990 er
994 3936 1081 3991 ein
1117 3936 1339 4003 Urtheil,
1376 3937 1469 3990 das
1507 3954 1677 4007 gegen
1713 3932 1944 3989 Hozaila
1981 3935 2068 3988 ein
2103 3934 2458 4004 ungerechtes
2493 3951 2624 3991 war.

483 4105 488 4109 ἡ
592 4033 686 4089 lch
722 4036 925 4091 bereue
971 4055 1045 4103 eS,
1084 4035 1223 4090 doch
1259 4035 1362 4091 wie
1384 4034 1523 4106 'sehr
1557 4034 1690 4089 ich’s
1727 4034 1945 4099 hereue‚
1993 4036 2135 4089 mein
2171 4035 2447 4090 Schicksal
2484 4036 2625 4091 wird
2658 4035 2811 4091 nicht

1960 4135 2229 4205 geandert,

594 4230 714 4288 Und
753 4231 890 4285 auch
927 4233 1070 4286 mein
1104 4230 1271 4287 Manu
1307 4231 1374 4286 ist
1414 4249 1598 4302 wegen
1637 4232 1731 4286 des
1772 4230 2002 4288 Urtheils
2040 4233 2149 4288 voll
2185 4231 2354 4287 Beue.

628 4334 678 4402 a)
717 4329 1066 4382 el-Cazwini
1099 4329 1187 4384 hat
1222 4347 1324 4383 nur
1361 4331 1518 4385 einen
1554 4330 1719 4385 Vere:

851 4426 1053 4482 Keiner
1090 4430 1158 4483 ist
1192 4428 1581 4484 verifichtlicher
1615 4431 1692 4486 als
1729 4430 2009 4486 DscbadiS.

855 4525 1011 4581 Wird
1051 4546 1111 4583 so
1152 4530 1247 4583 mit
1279 4529 1427 4584 einer
1463 4527 1631 4584 Braut
1666 4528 1989 4585 versahren?
