2981 5125
998 300 1649 395 --65-.“

139 507 371 570 miram
415 507 580 570 hanc
628 515 690 571 et
732 507 1002 573 facetam
1045 509 1393 589 historiam,
1439 531 1518 574 ex
1560 502 1944 593 qua'subtile
1988 518 2052 574 et
2092 519 2426 592 penetrans

140 621 420 683 Arabum
468 639 774 703 agnoscas
819 622 1152 704 ingenium.
1257 625 1380 688 Sed
1442 627 1652 706 plures
1710 625 1868 689 tales
1928 626 2426 689 narratiunculas

72 727 79 733 ’
142 735 424 814 produnt
475 736 818 815 scriptores
862 734 1148 813 Arabici,
1205 739 1582 819 praesertim
1644 739 2140 802 en-Nuweirius
2202 748 2266 802 et
2321 738 2427 800 el·-

137 846 528 924 MaidaniuS,
582 864 827 930 ex·quo
872 850 1226 933 posteriore
1267 851 1581 934 potuisset
1620 852 1781 916 baec
1824 854 2087 918 historia
2132 853 2426 916 luculen-

136 959 265 1022 tior
312 967 375 1023 et
420 960 770 1046 elegantior
812 964 913 1025 edi
954 962 1028 1048 d).

317 1075 447 1137 Sub
502 1074 632 1138 hoc
689 1075 1034 1139 institutum
1090 1078 1285 1142 fuisse
1344 1097 1587 1144 morem
1638 1076 1784 1180 0555&
1833 1099 1945 1142 seu
1988 1080 2154 1145 filias
2199 1101 2422 1145 recens

136 1196 324 1252 natas
369 1195 535 1251 terra
578 1190 750 1252 vivas
798 1191 1200 1269 defodiendi,
1261 1193 1529 1257 affirmat
1570 1190 2029 1257 el-Maidanius
2072 1215 2136 1276 p.
2182 1195 2310 1259 382
2352 1194 2423 1279 e),

136 1323 266 1384 quo
318 1301 470 1385 loco
517 1311 762 1381 narrat,
819 1323 858 1367 a
903 1326 1031 1386 quo
1080 1313 1142 1370 et
1185 1327 1309 1390 qua
1358 1308 1438 1369 de
1481 1323 1706 1370 caussa
1748 1304 1937 1367 fuerit
1981 1314 2183 1369 natus.
2268 1308 2424 1371 Mihi
2463 1372 2474 1387 ..

133 1423 350 1479 tamen
393 1417 640 1480 videtur
681 1417 793 1482 ille
836 1441 974 1483 mos
1019 1421 1216 1484 multo
1263 1421 1598 1502 antiquior.
1706 1418 1947 1481 Primus
1992 1438 2147 1486 eum.
2178 1420 2426 1484 sustulit

133 1531 451 1608 Sa’sa'ah,
514 1550 667 1593 avus
722 1533 1068 1613 Farezdaki
1126 1539 1387 1615 potitae,
1452 1535 1560 1619 qui
1604 1532 1927 1597 Farezdak
1971 1532 2124 1595 vixit
2168 1533 2422 1597 labente

129 1644 357 1707 seculo
403 1654 550 1726 post
590 1648 827 1728 Fugam
869 1647 1075 1729 primo
1116 1647 1188 1731 s).

307 1760 508 1842 Hujus
566 1760 847 1823 No’mani
906 1769 1159 1825 caterva
1214 1762 1623 1838 mercatoria,
1692 1761 1912 1844 quales
1970 1762 2301 1827 ’Ocathum
2361 1769 2424 1827 et

68 1855 73 1859 ’
126 1874 188 1935 in
233 1875 540 1936 Arabiam
585 1875 830 1937 felicem
875 1876 1125 1937 solebat
1168 1876 1250 1937 ad
1293 1875 1605 1937 nundinas
1650 1878 1929 1952 mittere,
1995 1878 2168 1940 dedit
2224 1896 2422 1940 occa-

126 1991 380 2051 sionem
434 1989 604 2052 bello
660 1990 750 2051 sic
804 1988 970 2050 dicto
1017 1985 1498 2063 ’l-Fidschar‚
1556 2008 1669 2050 seu
1712 1987 2201 2067 sceleratorum,
2243 1991 2423 2051 ,inter

123 2088 452 2166 Koraisch
511 2109 576 2163 et
627 2099 919 2162 Kinanah
970 2102 1166 2164 tribus
1212 2102 1314 2177 ab,
1347 2118 1471 2161 una
1516 2106 1695 2181 parte
1741 2107 1804 2161 et
1847 2100 2079 2162 tribum
2121 2100 2420 2163 Hawazin

127 2216 206 2278 ab
240 2215 469 2276 altera.
560 2212 669 2275 Cui
698 2214 1101 2276 Muhammed
1133 2214 1412 2277 interfuit
1454 2233 1685 2276 annum
1729 2213 1952 2276 aetatis
1999 2231 2190 2295 agens
2238 2213 2422 2275 deci-

126 2349 302 2391 mum
349 2335 639 2409 quartum
676 2324 763 2409 g),
830 2334 938 2388 aut
977 2327 1344 2408 vigesimum
1384 2325 1458 2412 h).
1542 2329 1637 2401 De
1683 2328 1810 2390 hoc
1854 2324 2058 2403 bello,
2124 2326 2287 2389 inter
2329 2325 2421 2389 sic

127 2441 300 2504 dicta
344 2440 517 2503 bella
575 2441 984 2529 scelestorum
1047 2447 1271 2523 quarto
1334 2449 1395 2503 et
1452 2439 1707 2517 ultimo,
1768 2447 1837 2504 ut
1892 2447 1957 2502 et
2017 2439 2098 2502 de
2154 2441 2417 2503 caeteris

126 2576 312 2641 agam
359 2554 506 2636 Cap.
548 2555 650 2618 IV.
878 2550 879 2553 ’

74 2658 81 2664 ’
300 2670 498 2733 Multa
543 2670 696 2733 mihi
741 2670 958 2732 charta
1005 2676 1066 2731 et
1112 2688 1308 2751 opera
1351 2671 1519 2733 foret
1561 2691 1755 2750 opuS,
1814 2671 1869 2735 si
1925 2690 2142 2735 omnes
2187 2671 2416 2734 vellem

129 2806 463 2850 recensere
511 2795 572 2848 et
614 2785 881 2847 laudare
928 2785 1095 2846 viros
1144 2784 1311 2865 apud
1356 2786 1596 2849 Arabes
1643 2779 2183 2868 celebratoS‚'qui
2228 2788 2414 2869 hujus

131 2901 293 2983 regis
351 2907 636 2981 tempore
692 2897 1085 2959 exstiterunt.
1181 2898 1540 2960 Nominabo
1596 2906 1809 2960 tamen
1868 2899 2117 2979 aliquos
2175 2899 2415 2979 absque

131 3021 304 3075 certo
338 3013 613 3094 quodam
648 3011 893 3087 ordine,
939 3018 1005 3073 ut
1050 3030 1189 3073 sese
1230 2993 1382 3071 mihi
1421 3011 1485 3072 in
1520 3011 1897 3074 adversariis
1937 3012 2094 3073 meis
2132 3014 2415 3074 offerent.

129 3127 268 3188 Fuit
310 3126 524 3207 itaque
558 3126 684 3188 sub
727 3126 855 3188 hoe
901 3123 1141 3188 en-No’
1148 3124 1332 3186 mano
1375 3124 1474 3185 IV.
1522 3124 1770 3187 celeber
1810 3125 1919 3187 ille
1962 3145 1998 3187 a
2037 3125 2413 3188 liberalitate

129 3240 355 3302 Hatim
384 3240 673 3323 Thaijita‚
720 3241 894 3322 cujus
937 3240 1105 3321 pleni
1142 3245 1361 3301 omnes
1400 3237 1546 3299 libri
1578 3237 1647 3321 i);
1692 3240 2134 3301 Muhammede
2180 3258 2408 3301 annum

132 3354 357 3415 aetatis
401 3361 692 3416 octavum
739 3362 985 3436 agente,
1032 3351 1178 3434 (non
1213 3358 1422 3413 autem
1458 3358 1528 3414 ut
1555 3352 1865 3415 Abulfeda
1908 3354 2200 3434 perhibet
2244 3372 2408 3415 anno

133 3475 274 3548 post
317 3470 554 3551 Fugam
600 3467 865 3551 octavo,)
913 3467 1070 3529 obiit
1112 3473 1371 3530 auctore
1412 3467 1794 3530 Dschauzio.
1878 3469 2018 3530 Fuit
2043 3467 2407 3531 Hanthalah

235 3690 289 3761 d)
330 3709 379 3744 v.
416 3708 468 3760 p.
503 3690 586 3743 17.
624 3704 770 3741 num.
808 3704 962 3759 prov.
1007 3687 1124 3741 146.
1163 3715 1232 3724 —-
1291 3685 1562 3757 Freytaq.
1603 3684 1664 3739 T.
1693 3684 1733 3738 l.
1773 3705 1822 3756 p.
1856 3685 1941 3739 55.
1983 3714 2048 3725 —-
2100 3690 2151 3735 et
2185 3679 2404 3732 Hamas,

131 3805 182 3857 p.
223 3765 344 3843 105.
380 3817 449 3828 -
511 3788 595 3842 ed.
633 3787 900 3859 Freytaq.
940 3804 1057 3857 pag.
1096 3786 1182 3840 98.

239 3889 287 3958 e)
326 3885 491 3941 Arab.
530 3885 686 3940 Prov.
727 3885 811 3941 ed.
845 3885 1114 3958 Freytaq.
1155 3883 1310 3939 Tom.
1349 3882 1418 3937 Π.
1457 3902 1513 3956 p.
1537 3885 1619 3937 16.

234 3985 284 4056 s)
325 3983 480 4039 Cous.
518 3985 806 4036 Hamasah
842 4002 894 4055 p.
937 3983 1162 4038 121.'—-
1226 3984 1310 4038 ed.
1348 3985 1615 4055 Freytaq.
1653 4001 1704 4054 p.
1747 3985 1865 4036 118.

174 4141 180 4148 ,
236 4085 287 4157 g)
328 4094 385 4139 ut
420 4093 498 4140 est
531 4085 673 4157 apud
704 4084 1047 4148 Abulfedam‚
1086 4084 1210 4138 edit.
1239 4083 1500 4155 Gaqnier.
1539 4102 1592 4153 p.
1627 4083 1685 4135 11
1730 4091 1780 4135 ct
1820 4079 2072 4131 Menidan.
2114 4096 2166 4147 p.
2194 4078 2316 4130 709.
2341 4105 2408 4114 —

132 4180 293 4237 Arab.
329 4183 486 4238 Prov.
525 4185 625 4239 ed.
647 4185 912 4255 Freytaq.
948 4181 1102 4236 Tom.
1145 4180 1241 4235 1¹1.
1280 4200 1398 4252 pag.
1439 4183 1561 4237 554.

182 4283 299 4355 ¹h)·
326 4295 385 4339 ut
433 4282 675 4338 Hamzah
730 4284 838 4339 lib.
864 4281 1015 4337 VIH.
1066 4301 1183 4353 pag.
1220 4283 1306 4335 40.
1373 4280 1459 4336 ed.
1503 4280 1812 4333 Schultcns.
1874 4290 1925 4335 et
1977 4280 2084 4331 um
2131 4273 2406 4329 Potaibak

133 4383 307 4450 p.79‚
349 4384 393 4437 1.
467 4384 753 4435 Hamasah
788 4401 841 4456 p.
879 4384 1000 4437 320.
1042 4412 1109 4421 —
1168 4381 1251 4436 ed.
1286 4381 1557 4453 freytaq.
1595 4398 1647 4452 p.
1680 4383 1805 4436 351.

257 4483 294 4554 i)
340 4482 497 4537 Conf.
538 4484 770 4535 Raiflafn.
809 4499 861 4551 p.
898 4482 1021 4537 246.
1062 4480 1099 4535 s.
