2981 5125
1328 370 1490 413 ,--
1594 322 1747 399 152
1845 370 1947 379 —-

537 517 890 600 »lapidibus
925 509 1276 576 'antistitem
1321 511 1629 592 impetere
1675 520 1767 588 et,
1814 521 1878 575 ut
1921 521 2165 604 surgat,
2205 513 2459 604 jubere,
2505 512 2832 594 lapillos-

535 652 695 713 »que
729 637 1020 713 spargat3
1063 627 1237 689 illum
1276 637 1503 702 ,contra
1542 625 1955 707 pervicaciter
1990 627 2241 708 negare,
2288 626 2491 687 donec
2537 624 2638 687 sol
2692 625 2834 687 de-

475 718 486 728 ·
535 744 848 807 »clinarit.·
928 745 1088 804 Tum
1120 759 1272 803 vero
1319 738 1631 833 sparsisse
1674 723 1879 821 ipsum
1926 729 2183 821 lapillos
2230 748 2295 803 et
2336 757 2477 803 'cum
2521 760 2603 803 eo
2651 759 2829 801 oae-
2882 789 2889 796 .

538 867 775 921 »teram
822 856 1085 918 turbam.
1169 854 1284 915 His
1338 852 1646 927 absolutis
1708 873 1898 933 quum
1958 852 2191 915 vellent
2244 854 2567 935 praecipiti
2629 854 2830 927 ruina

536 993 644 1036 »se
691 973 770 1034 de
814 970 979 1034 valle
1019 969 1188 1031 Mina
1231 966 1566 1051 proripere
1612 968 2010 1049 occupabant
2055 966 2309 1031 Sufidae
2352 966 2534 1029 vallis
2583 969 2826 1029 ostium

347 1100 357 1110 ·
452 1162 460 1170 .
541 1094 642 1148 »et
688 1084 1067 1147 coercebant
1111 1082 1390 1157 turbam,
1455 1100 1661 1163 neque
1714 1080 2220 1143 transmittebant
2270 1099 2458 1141 unum
2517 1079 2825 1161 aliquem,

532 1210 667 1264 utut
712 1199 997 1262 convitiis
1032 1194 1332 1279 'flagitati,
1379 1194 1746 1275 priusquam
1794 1196 1915 1278 ipsi
1960 1216 2209 1270 omneS,
2248 1192 2511 1285 ‘Sufidae
2550 1194 2822 1272 scilicet,
2894 1207 2900 1214 '

541 1312 1065 1396 »praeteriissent.
1165 1307 1435 1383 Quando
1493 1328 1645 1371 vero
1700 1308 1769 1370 hi
1829 1310 2093 1372 aberant
2146 1311 2279 1393 jam
2339 1317 2399 1370 et
2461 1309 2816 1383 evaserant,

541 1423 878 1509 »poterant
914 1415 1108 1486 'etiam
1151 1421 1380 1504 reliqui
1425 1422 1666 1510 absque
1713 1422 1838 1485 ullo
1874 1419 2176 1485 ulteriore
2213 1423 2665 1505 impedimento
2704 1442 2819 1485 se—

516 1540 706 1622 ·»qui.
765 1523 882 1601 ¹lta
928 1536 1361 1618 procedebant
1403 1535 1697 1610 Susidae,
1763 1536 1970 1598 donec
2029 1536 2435 1612 desinerent,·
2484 1546 2546 1600 et
2593 1556 2816 1612 munus

541 1653 737 1715 »illud
782 1647 866 1715 a'd
893 1667 1129 1713 'eorum
1171 1648 1500 1730 proximos
1547 1650 1795 1725 affines,
1842 1658 2141 1732 posteros
2188 1653 2412 1744 nempe
2459 1649 2661 1727 Sa’di,
2707 1650 2831 1712 filii·

542 1766 729 1839 ›pZaid
774 1764 1015 1840 Menat,
1075 1762 1191 1823 filii
1236 1762 1532 1838 Tamimi,
1597 1772 1658 1825 et
1715 1742 1878 1827 inter
1932 1751 2065 1826 hos¹
2116 1765 2368 1845 quidem
2428 1766 2512 1827 ad
2568 1773 2815 1848 gentem

544 1873 889 1953 »Safwarii,
933 1855 1049 1938 filii
1092 1875 1459 1953 'l-Harithi',
1496 1876 1616 1965 ‘filii
1665 1877 2100 1941 Schidschnah
2145 1866 2463 1955 transiret,
2510 1879 2620 1960 qui
2667 1863 2816 1941 Saf-

542 1993 719 2055 »wan
764 1999 825 2054 et
854 1991 1251 2055 S'afwanidae
1292 1989 1628 2073 religiosos
1672 1994 2176 2074 peregrinatores
2206 1973 2302 2054 ⁴ex
2330 1992 2571 2055 Arafah
2608 2001 2814 2054 trans-

551 2076 930 2167 »mittebant-
959 2112 1019 2167 et
1063 2101 1496 2181 traducebant,
1541 2105 1749 2167 donec·
1793 2103 2044 2167 ultimus
2093 2123 2312 2166 eorum
2360 2113 2423 2167 et
2467 2126 2656 2187 quem
2699 2099 2812 2168 oc'-¹

544 2218 831 2303 »cupavit
874 2218 1288 2295 Islamismus,
1348 2213 1545 2281 Karib
1609 2226 1807 2292 esset,
1870 2201 2041 2298 filius
2102 2216 2185 2298 (id
2253 2197 2353 2281 est*
2413 2218 2812 2302 descendens)
2872 2247 2879 2254 ·

548 2332 881 2394 »Safwani.
941 2333 1104 2393 Hinc
1132 2331 1445 2414 intelligas
1475 2330 1638 2393 illud
1664 2330 1836 2406 Ausi,
1868 2329 1981 2392 filii
2010 2329 2212 2394 Ma’zii
2239 2351 2319 2393 ex
2345 2332 2478 2415 ejus
2510 2332 2810 2393 carmine:

808 2486 812 2492 ‚
887 2447 1065 2507 »Non
1123 2443 1442 2506 deserunt·
1478 2442 1599 2525 (vel
1645 2442 1957 2527 deserent)
2017 2443 2310 2518 homines
2355 2453 2534 2508 su‘um
2578 2444 2814 2508 Mo’ar-

800 2558 905 2622 raf
931 2559 998 2644 r),
1025 2539 1250 2621 'donec
1296 2545 1530 2622 dictum
1575 2557 1784 2622 fuerit:
1834 2553 2267 2644 Transmittite·
2310 2560 2734 2639 et'traducite,
2777 2578 2839 2624 o·

807 2655 1226 2737 Safwanidae.

550 2790 813 2852 »Munus
875 2796 1082 2850 autem
1136 2788 1428 2851 homines
1481 2788 1637 2871 'cum
1688 2787 1926 2870 impetu
1989 2796 2050 2850 et
2110 2789 2404 2852 confluxu
2448 2797 2813 2872 proruentes
2874 2826 2875 2829 =

550 2925 666 2966 »ex
713 2902 1216 2966 el-Mozdalifah·
1243 2901 1288 2986 s)
1336 2901 1703 2997 traducendi
1749 2898 1852 2984 (ad
1898 2900 2126 2963 vallem
2169 2882 2393 2987 Mina),
2458 2904 2633 2985 quod
2679 2923 2815 2966 mu-

502 3073 508 3078 .
557 3038 709 3104 »nus
768 3035 886 3078 sua
943 3018 1206 3098 propria
1267 3035 1424 3079 voce
1484 3014 1845 3097 appellatur
1905 3013 2338 3100 (31-ῌᾶάήαή
2403 3036 2514 3080 seu
2579 3018 2815 3094 effusio,

553 3130 925 3212 »permissio
972 3128 1297 3207 effluendi,
1341 3129 1697 3211 pertinebat
1741 3130 1822 3191 ad
1865 3128 2125 3192 Adwani
2172 3140 2419 3211 gentem
2456 3128 2549 3215 t),
2594 3151 2717 3213 qua
2757 3132 2817 3193 id

555 3245 655 3306 »in
700 3232 1291 3314 familia'tran'sibat
1333 3236 1743 3304 haereditatis
1782 3242 1926 3325 jure
1970 3261 2008 3303 a
2051 3250 2230 3324 patre
2274 3246 2353 3306 ad
2399 3236 2632 3320 filium,
2696 3245 2818 3307 do-

554 3378 710 3421 »nec
771 3366 937 3420 esset
990 3355 1324 3420 Islamismi
1384 3364 1670 3436 tempore
1726 3331 1866 3443 Abu
1913 3356 2205 3440 Sajjarah
2248 3356 2601 3435 ’Omailah,
2662 3357 2817 3421 filius

554 3471 934 3548 »el—’Azali‚
996 3471 1101 3553 qui
1158 3470 1298 3531 Abu
1354 3459 1648 3551 Seijjarah
1704 3470 2004 3551 quoniam
2066 3468 2255 3552 super
2315 3474 2491 3534 asina
2552 3473 2817 3554 quadam

554 3604 710 3648 »sua
756 3574 1008 3648 solebat
1050 3604 1231 3646 suum
1276 3604 1501 3645 munus
1546 3583 1885 3666 perficere,
1946 3586 2009 3647 id
2058 3593 2152 3648 est
2198 3586 2279 3648 ad
2328 3575 2541 3646 sacras
2590 3563 2819 3667 nundi*

473 3761 482 3770 ,
551 3682 705 3762 »nas
755 3706 817 3761 et
859 3699 1201 3783 panegyrin
1249 3706 1668 3781 congregatae
1714 3701 1938 3762 turbae'
1968 3701 2313 3782 praevehi,
2380 3699 2574 3780 idque
2621 3678 2830 3781 spatio·

556 3815 985 3897 »integrorum
1049 3812 1463 3896 quadraginta
1523 3832 1864 3888 annorum,
1934 3820 2147 3874 natum
2210 3812 2326 3874 fuit
2394 3813 2819 3892 proverbium:

539 3901 795 4009 '{›Magis
837 3927 1106 4007 patienS,
1152 3926 1455 3989 dura-bilis
1502 3935 1567 3989 et
1611 3927 1886 3989 ferendis
1922 3926 2252 3990 laboribus
2286 3945 2421 4007 par,
2468 3946 2659 4008 quam
2694 3927 2820 3989 asi-

474 4103 481 4110 ,
558 4055 711 4101 »nus
757 4040 895 4101 Abu
942 4040 1261 4124 Sajjtlraffi
1333 4028 1765 4139 ibt-‚W't'jijb'ss
1799 4042 2062 4138 &5⁴:25
2101 4041 2176 4125 1¹).

666 4209 714 4279 r)
752 4208 806 4261 id
846 4218 926 4262 est
963 4210 1170 4275 locum,
1195 4190 1263 4263 'in
1301 4228 1407 4283 quo
1446 4197 1722 4280 religionis
1760 4198 1888 4280 er'go
1926 4211 1980 4262 in
2017 4190 2198 4263 monte
2235 4207 2427 4265 Arafat
2458 4218 2755 4263 versantur.

665 4310 709 4377 s)
749 4308 840 4378 qui
877 4304 1030 4360 locus
1065 4320 1145 4364 est
1177 4311 1319 4365 inter
1359 4321 1593 4364 montem
1630 4308 1818 4363 Arasat
1855 4318 1908 4362 et
1945 4309 2138 4368 vallem
2172 4306 2339 4362 Mina.
2412 4330 2418 4333 ·

676 4408 714 4478 t)
757 4405 807 4460 ls
844 4415 957 4460 erat
991 4406 1133 4462 filius
1172 4398 1354 4474 Amri,
1394 4411 1493 4464 filii
1530 4410 1660 4464 Kais
1700 4405 1877 4460 Ailan.
1919 4405 2022 4460 vid.
2065 4404 2195 4459 Tab.
2225 4394 2382 4460 'VllL

665 4504 719 4575 u)
758 4502 921 4559 Arab.
961 4503 1117 4561 Prov.
1157 4507 1239 4561 ed.
1279 4507 1543 4579 Freytaeq.
1580 4506 1643 4560 T.
1676 4504 1715 4558 1.
1755 4521 1808 4575 p.
1835 4503 2118 4577 7392s'teht
2152 4489 2299 4598 {voi
2345 4512 2535 4567 anstatt
2568 4484 2743 4584 ἐμοὶ
