2981 5125
1400 301 1958 378 -178—

551 493 785 559 »tumui
828 494 1148 558 itentidem
1193 493 1499 557 accedere
1543 499 1607 554 et
1647 491 1871 554 iterum
1917 489 2125 567 abire,
2180 489 2294 553 sed
2341 490 2624 573 ignotum
2675 512 2843 574 quo,

549 628 792 691 »neque
835 629 1050 671 rursus
1098 617 1241 670 ante
1285 626 1515 669 annum
1554 605 1906 688 proximum
1950 603 2459 687 conspiciendum
2494 624 2568 667 se
2606 605 2840 667 dabat.

551 723 783 804 »quue
825 722 1123 785 movebat
1166 720 1496 804 ThaijitaS,
1541 729 1606 783 ut
1650 719 1733 782 ad
1775 719 2173 795 Azditarum,
2216 738 2474 781 suorum
2520 720 2839 796 affinium,

550 837 945 919 »exemplum
986 835 1223 899 Arabia
1265 834 1450 897 felice
1494 852 1748 915 quoque
1807 835 2159 916 cogitarent
2217 832 2558 910 excedere,
2626 833 2839 895 territi

549 949 946 1013 »solitudine.
1031 949 1289 1012 Azditae
1335 947 1502 1010 enim
1547 955 1832 1029 tempore
1874 955 2097 1029 ruptae
2142 953 2531 1009 catari-actae
2577 947 2645 1008 in
2681 947 2838 1009 loca

549 1061 748 1124 »mari
790 1062 994 1125 vicina
1041 1070 1385 1125 evaserant.
1470 1063 1649 1125 Haec
1698 1060 1908 1141 itaque
1953 1058 2295 1142 cogitantes
2342 1059 2616 1122 consilia
2663 1080 2838 1142 pro-

551 1176 917 1258 »ponebant
959 1175 1263 1252 Osamae,
1327 1175 1636 1238 camelum
1682 1173 1868 1235 istum
1916 1192 1952 1234 e
1994 1180 2166 1235 terra
2209 1172 2518 1234 maritima
2569 1180 2634 1234 et
2675 1172 2834 1253 pin-

551 1292 693 1372 »gui
739 1297 929 1370 atque
970 1289 1274 1372 opulenta
1315 1289 1552 1365 venire,
1594 1287 1812 1351 videre
1857 1287 2021 1348 enim
2065 1286 2130 1347 in
2168 1286 2303 1370 ejus
2336 1286 2614 1370 scybalis
2651 1286 2832 1349 ossi-

545 1401 733 1465 »cula
771 1401 1201 1486 dactylorum3
1271 1403 1412 1466 fieri
1454 1422 1679 1485 posse,
1737 1408 1806 1463 ut
1847 1407 2180 1481 sequentes
2226 1400 2513 1462 abeuntis
2559 1400 2831 1483 vestigia

549 1514 922 1577 »meliorem
966 1514 1214 1593 locum,
1276 1534 1463 1597 quam
1507 1534 1809 1597 praesens
1855 1517 1967 1593 sit,
2031 1514 2440 1577 offenderent.
2526 1514 2827 1576 Proximo

553 1629 805 1709 »itaque
843 1628 1139 1693 veniebat
1182 1631 1473 1707 cameluS,
1519 1638 1580 1693 et
1625 1638 1958 1713 postquam
2004 1629 2278 1692 camelas
2324 1647 2545 1691 eorum
2592 1628 2830 1690 fecerat

550 1742 832 1819 nicetas,
900 1742 1121 1806 abibat
1163 1751 1224 1808 et
1268 1764 1409 1806 cum
1456 1763 1536 1807 eo
1584 1743 1934 1827 Thaijitae,
1993 1751 2121 1805 tam
2166 1762 2382 1825 presse
2421 1741 2547 1823 ipsi
2591 1742 2826 1805 inhae-

552 1864 822 1933 »renteS,
878 1864 948 1918 ut
998 1857 1182 1933 irent,
1234 1876 1360 1938 quo
1405 1857 1530 1933 ille,
1576 1864 1638 1920 et
1679 1863 2137 1939 pernoctarent,
2182 1854 2290 1918 ubi
2333 1855 2463 1932 ille,
2510 1856 2725 1918 donec
2762 1854 2825 1917 iu

553 1976 839 2031 »montes
883 1969 1167 2052 geminos
1214 1969 1443 2056 (Thaiji
1492 1978 1719 2053 postea
1765 1968 1984 2055 dictos)
2029 1970 2378 2033 inciderent
2422 1977 2484 2032 et
2526 1970 2723 2033 simul
2762 1969 2825 2031 in

550 2082 834 2165 »palmas
876 2083 941 2145 in
978 2084 1144 2168 jugis
1188 2087 1493 2146 montium
1533 2093 1595 2147 et
1638 2103 1855 2167 greges
1901 2082 2151 2159 multOS,
2192 2082 2468 2165 itemque
2513 2084 2581 2145 in
2624 2085 2826 2146 virum

551 2195 657 2256 »in
695 2197 856 2279 jugo
906 2197 1183 2277 quodam
1227 2197 1416 2260 isthic
1461 2199 1811 2281 degentem.
1918 2197 1979 2258 Is
2036 2203 2171 2258 erat
2215 2196 2597 2273 el-Aswad,
2660 2197 2826 2260 filius

551 2308 814 2385 »'Afari,
858 2311 973 2372 sed
1014 2319 1085 2372 ut
1130 2316 1266 2372 erat
1305 2310 1402 2372 vir
1445 2311 1715 2392 ingentis
1759 2310 2187 2391 proceritatiS,
2234 2311 2510 2373 terrebat
2554 2331 2703 2382 eos,
2764 2319 2832 2374 ut

551 2423 720 2486 »alio
765 2443 835 2485 se
879 2429 1322 2486 converterent
1365 2431 1427 2485 et
1468 2423 1859 2505 indagarent,
1903 2445 2051 2487 num
2095 2424 2286 2486 alium
2331 2445 2518 2507 quem
2553 2427 2615 2488 ei
2643 2425 2832 2488 simi-

551 2535 717 2598 »lem
765 2534 1067 2599 viderent.
1156 2536 1362 2612 Quum
1409 2544 1617 2600 autem
1661 2538 1945 2602 viderent
1983 2537 2314 2616 neminem,
2359 2537 2614 2602 dicebat
2654 2538 2833 2603 Osa-

552 2649 740 2711 »mah
788 2650 1040 2712 cuidam
1082 2671 1199 2714 suo
1238 2649 1376 2714 filio
1421 2650 1794 2715 'l-Gautho:
1848 2652 1935 2714 Mi
1979 2651 2102 2729 fili,
2146 2652 2325 2716 novit
2362 2652 2637 2735 populus
2684 2661 2831 2716 tuus

550 2770 762 2825 »tuam
805 2763 1256 2845 praestantiam
1318 2764 1383 2825 in
1444 2772 1580 2827 a-rte
1632 2767 1955 2849 jaculandi
2013 2776 2077 2830 et
2130 2767 2405 2830 animum
2447 2766 2712 2830 -virilem
2768 2775 2837 2830 et

550 2877 919 2940 »audacem
1015 2878 1209 2953 Quod
1253 2879 1308 2941 si
1353 2899 1507 2961 ergo
1554 2900 1672 2943 nos
1715 2882 1841 2945 hoc
1882 2881 2019 2944 viro
2065 2879 2466 2957 liberaveriS,
2526 2879 2835 2943 domina-

551 2990 759 3052 »beris
805 2999 914 3054 tuo
963 2991 1203 3073 populo
1248 2992 1314 3053 in
1358 2971 1680 3055 aeternum
1726 3000 1786 3056 et
1827 2996 1950 3056 eris
1983 2995 2170 3079 hujus
2203 2992 2480 3077 regionis
2514 2988 2832 3077 οἰκιστὴς.

550 3104 898 3185 »Pergebat
939 3105 1154 3185 itaque
1200 3105 1513 3169 el—Gauth
1560 3106 1642 3169 ad
1689 3107 2169 3186 el-Aswadum,
2215 3126 2482 3189 eumque
2525 3100 2834 3188 alloque—

551 3217 792 3281 »batun
877 3218 1229 3281 Mirabatur
1253 3220 1357 3283 hic
1398 3241 1615 3283 eorum
1654 3222 1953 3285 minutam
1985 3223 2254 3284 formam
2286 3229 2366 3294 et,
2410 3221 2576 3284 unde
2610 3223 2833 3285 venis-

550 3339 764 3408 »seut,
827 3332 1276 3414 interrogabat.
1362 3336 1672 3398 Narrabat
1716 3336 1985 3420 ThaiJ'ita
2030 3336 2111 3397 de
2155 3335 2400 3399 camelo
2446 3344 2512 3398 et
2555 3337 2831 3400 adventu

550 3464 729 3520 »suo‚
776 3450 840 3505 et
881 3446 1052 3525 quod
1085 3445 1290 3527 ipsum
1322 3448 1573 3511 reveriti
1619 3448 1866 3524 fuerint,
1924 3459 2362 3530 comparantes
2410 3452 2543 3534 ejus
2586 3472 2831 3534 proce-

552 3557 840 3620 »ritatem
898 3577 1036 3620 cum
1082 3578 1195 3622 sua
1238 3561 1563 3642 parvitate.
1666 3564 1778 3626 His
1823 3583 1968 3626 eum
2010 3564 2385 3646 distringens
2430 3562 2830 3631 sermonibus

553 3670 908 3734 »el-Gauth
951 3692 1082 3735 non
1124 3673 1719 3740 animadvertentem
1762 3678 1890 3741 telo
1935 3679 2305 3760 perimebat.
2391 3678 2496 3741 Sic
2542 3699 2833 3762 occupa-

552 3784 744 3846 »bant
772 3785 1087 3868 ThaiJitae
1133 3796 1405 3850 montem
1451 3789 1626 3853 illum
1671 3791 2002 3875 geminum,
2046 3811 2314 3873 quorum
2356 3812 2516 3855 unus
2552 3794 2827 3871 Adscha,

553 3898 753 3961 »alter
796 3898 1009 3963 Salma
1054 3901 1461 3983 appellatum
1551 3905 1726 3968 Haec
1767 3903 2063 3968 Railuin.

720 4123 1166 4188 Memorabilia
1209 4136 1352 4191 sunt
1397 4130 1587 4191 verba
1631 4126 1762 4193 Ilm
1808 4130 2096 4195 Dor-aidi
2148 4154 2208 4215 p.
2257 4133 2411 4196 181:
2481 4132 2674 4195 »Inde
2735 4141 2833 4195 est

557 4234 736 4298 »Abd
780 4236 991 4314 Colal,
1035 4238 1200 4309 filius
1245 4242 1708 4319 Mothawwibi,
1750 4244 1863 4306 filii
1907 4246 2020 4307 Dzi
2064 4245 2341 4322 Horath,
2386 4244 2502 4307 filii
2546 4245 2828 4307 'l-Hari-

558 4350 720 4426 mhi,
787 4349 902 4412 filii
957 4351 1206 4429 Maliki‚
1269 4353 1386 4416 filii
1450 4355 1726 4435 Gaidan,
1796 4378 1980 4440 quem
2025 4358 2192 4422 misit
2235 4357 2556 4422 Tobba’us
2604 4360 2828 4421 ducem

556 4483 851 4527 »suarum
914 4466 1237 4548 copiarum
1303 4467 1367 4531 in
1433 4470 1944 4549 et-Jamamam,
2016 4473 2123 4536 ubi
2186 4472 2417 4568 occidit
2475 4472 2712 4549 Thasm
2772 4482 2832 4535 et
