2981 5125
1392 307 1947 392 „122—

545 518 696 560 »ror
747 505 809 559 et
860 497 1038 560 luror
1090 505 1153 560 et
1205 499 1570 561 morborum
1619 491 1883 575 vchilias3
1945 504 2008 557 et
2058 501 2311 577 praeter
2361 514 2636 576 paucos,
2708 496 2825 577 qui

544 610 811 673 »factum
856 631 984 672 non
1028 590 1628 694 comprobaverant,
1683 611 1975 692 peribant
2031 628 2267 672 omnes.
2366 610 2604 672 Videns
2654 630 2822 693 ergo

540 745 759 787 »meae
819 726 1017 808 gentis
1080 726 1365 803 exitium,
1425 725 1651 788 relicto
1708 745 1905 805 penes
1961 723 2386 786 Homaisa’um
2444 744 2590 788 meo
2648 725 2822 803 filio,

542 838 821 915 »'Amro,
883 837 1046 899 exivi
1104 838 1297 901 domo
1356 846 1417 901 et
1473 839 1800 921 peragravi
1855 847 2151 920 tanquam
2192 840 2456 923 perfuga
2499 848 2820 904 terrarum

542 954 799 1014 »orbem
844 951 1032 1014 tristis
1079 959 1141 1014 et
1184 951 1521 1014 solitarius.
1623 952 1726 1015 Sic
1771 961 2100 1014 evaserunt
2142 972 2388 1015 errores
2435 952 2819 1032 el-Harithi,

541 1063 692 1125 »filii
735 1064 1084 1126 Modbadhi
1127 1064 1191 1125 in
1233 1065 1711 1146 proverbium«
1742 1100 1827 1112 —-
1893 1065 2073 1127 Mitto
2122 1073 2387 1129 caetera.
2692 1151 2699 1156 θ

709 1180 973 1239 Tantum
1020 1180 1099 1241 de
1142 1199 1340 1261 regno
1385 1178 1903 1241 Dschorhamicm
1991 1177 2099 1240 Cui
2144 1180 2517 1244 videbuntur
2561 1201 2643 1272 ex
2684 1183 2815 1260 hac

534 1291 894 1354 narratione
939 1293 1097 1354 radii
1144 1292 1399 1373 quidam
1441 1291 1780 1356 historicae
1822 1292 2099 1356 veritatis
2155 1293 2453 1371 emicare,
2517 1296 2813 1362 conferat

539 1426 678 1467 cum
724 1405 887 1467 libro
933 1407 1233 1469 Judicum.
1339 1408 1416 1467 Et
1475 1406 1566 1470 sic
1626 1405 1814 1502 finem
1875 1405 2100 1469 faciam
2166 1406 2353 1487 capiti
2409 1407 2556 1469 huic
2616 1409 2809 1470 tertio

536 1519 904 1582 transiturus
951 1519 1032 1580 ad

1322 1714 1554 1767 CAPUT
1621 1714 2012 1780 QUARTUM,

537 1843 709 1923 quod
767 1842 829 1903 in
890 1850 1013 1905 tres
1073 1841 1434 1905 distribuam
1493 1845 1840 1922 sectiones,
1902 1865 2162 1926 quarum
2222 1844 2423 1927 prima
2483 1844 2563 1908 de
2617 1842 2806 1917 aeris,

534 1955 807 2018 secunda
852 1955 933 2016 de
973 1955 1155 2034 viriS,
1220 1959 1399 2020 tertia
1442 1959 1524 2021 de
1566 1959 1747 2023 bellis
1789 1960 2061 2023 Arabum
2107 1967 2251 2021 ante
2292 1956 2800 2026 Muhammedem

534 2067 987 2130 celebrioribus
1032 2078 1194 2151 aget.
1293 2074 1650 2135 Sectionem
1693 2076 2035 2137 secundam
2076 2072 2499 2157 ingredientur
2544 2070 2811 2156 tabulae,

533 2183 800 2245 tribuum
839 2184 1248 2246 Arabicarum
1289 2184 1758 2268 genealogicae.

705 2291 962 2359 Sectio
995 2298 1206 2378 itaque
1231 2299 1515 2382 prima,
1559 2300 1638 2363 de
1660 2298 1954 2374 Arabum,
1991 2297 2268 2378 quiante
2294 2296 2801 2374 Muhammedem

532 2409 849 2486 vixerunt,
913 2413 1074 2493 aeris
1131 2410 1481 2493 praecipuis
1541 2409 1784 2490 actura,
1826 2409 2113 2494 *primum
2149 2419 2343 2491 caput
2385 2410 2531 2472 libri
2572 2409 2799 2472 decimi

529 2522 808 2585 Hamzae
848 2523 1289 2605 Ispahanensis
1336 2525 1646 2602 exhibeat,
1692 2527 1940 2608 quicum
1981 2528 2418 2610 procedemus,
2465 2534 2533 2588 ut
2572 2524 2800 2605 hacte-

531 2657 646 2698 nus
694 2638 1163 2715 consuevimuS,
1207 2637 1271 2700 id
1317 2645 1438 2716 est,
1483 2640 1658 2721 quod
1701 2648 1899 2704 totum
1944 2659 2332 2723 apponemus
2374 2661 2520 2703 ‘cum
2564 2641 2796 2709 nostris

530 2751 1176 2814 animadversionibus
1216 2751 1289 2836 d).

704 2867 1075 2949 »Epocbae‚
1140 2867 1259 2943 ait,
1326 2865 1708 2948 praecipuae
1764 2866 2038 2928 Arabum
2093 2865 2604 2944 Ma'additarum,
2669 2876 2796 2935 tam

534 2981 963 3071 »Paganorum
1016 2981 1106 3043 sic
1157 2981 1503 3057 dictorum,
1570 2998 1757 3063 quam
1805 2979 2280 3057 Moslimorum‚
2342 2989 2488 3042 sunt
2542 2982 2794 3043 decem:

535 3098 631 3156 »1.
673 3095 936 3176 Epocha
980 3096 1282 3159 adventus
1323 3096 1604 3159 Ismaelis
1651 3094 1732 3156 ad
1762 3095 2062 3156 Meccam.
2147 3095 2206 3156 2.
2246 3095 2511 3176 Epocha
2548 3095 2799 3157 disces-

536 3209 767 3271 »sionis
826 3208 1101 3273 filiorum
1156 3208 1428 3271 Ma'addi
1468 3207 1538 3292 e).
1626 3210 1686 3270 3.
1729 3209 1994 3290 Epocha
2053 3209 2230 3284 anni,
2291 3227 2417 3289 quo
2474 3206 2623 3270 Ra’is
2682 3209 2798 3279 fuit

536 3319 773 3396 »’Amr,
836 3320 1003 3382 filius
1048 3323 1300 3406 Lohaiji
1336 3322 1409 3406 s).
1513 3325 1573 3385 4.
1614 3324 1877 3404 Epocha
1937 3323 2116 3398 anni,
2180 3343 2304 3404 quo
2360 3332 2649 3384 mortuus
2703 3331 2796 3389 est

536 3432 739 3507 »Ca'b,
785 3431 949 3495 filius
993 3435 1276 3518 Lowaiji.
1364 3439 1421 3498 5.
1465 3424 1676 3499 Annus
1722 3439 2019 3502 el-Gadri
2064 3436 2473 3522 (deceptionis
2506 3436 2610 3498 vel
2639 3457 2794 3518 per-

536 3544 806 3631 »fidiae).
903 3549 962 3612 6.
1020 3550 1232 3612 Annus
1296 3548 1634 3631 elephanti.
1738 3555 1796 3614 7.
1849 3553 2059 3613 Annus
2117 3547 2306 3634 (belli)
2363 3550 2792 3614 scelestorum.

634 3896 687 3966 d)
726 3897 810 3951 ed.
853 3897 1159 3953 Gottwalde
1195 3918 1312 3972 pag.
1353 3901 1472 3955 141.
2142 3960 2143 3963 ,

635 3996 685 4065 e)
721 3996 798 4050 Hi
842 4011 992 4054 erant
1037 3999 1228 4065 Nizar,
1282 3999 1493 4065 KanaS,
1544 3999 1824 4061 Kodha'ah
1871 4007 1923 4054 et
1961 3998 2106 4070 ljad3
2163 3998 2216 4053 hi
2263 3997 2369 4052 duo
2420 3999 2680 4068 postremi
2723 3997 2790 4051 ad

442 4124 452 4139 .
528 4091 733 4148 Arabes
763 4095 1106 4153 Jemanenses
1143 4100 1389 4154 abierunt
1425 4109 1478 4153 et
1513 4099 1568 4152 in
1605 4099 1669 4153 iis
1705 4099 1941 4168 absorpti
1977 4107 2114 4152 sunt.
2187 4096 2296 4151 Alii
2330 4106 2381 4151 et
2417 4097 2556 4150 sorte
2593 4098 2789 4150 rectius

530 4191 735 4263 ljadum
784 4195 987 4251 faciunt
1032 4197 1210 4253 Nizari
1260 4201 1456 4264 filium,
1515 4209 1566 4253 et
1614 4200 1752 4253 sorte
1788 4197 1977 4250 melius
2015 4190 2312 4266 scripsisset
2348 4204 2530 4248 noster
2567 4195 2788 4250 Nizari-

530 4291 734 4347 darum.
805 4292 930 4348 Filii
978 4295 1160 4351 Nizari
1190 4301 1498 4353 ‘secundum
1547 4276 1992 4354 el-Maidauium
2038 4308 2090 4352 et
2128 4296 2284 4350 modo
2325 4290 2539 4352 citatum
2566 4292 2789 4353 'Reihau

530 4402 679 4448 erant
712 4403 965 4466 quatuor:
1013 4394 1260 4463 Ammar,
1297 4398 1435 4471 ljad,
1473 4397 1692 4456 Rabi‘ah
1731 4407 1782 4451 et
1815 4395 2062 4452 Modhar.

638 4494 689 4566 f)
727 4495 830 4549 vid.
872 4497 1054 4567 paullo
1094 4507 1214 4566 post
1247 4507 1301 4552 et
1338 4496 1630 4554 sectionem
1667 4495 1970 4552 secundam.
