2981 5125
1323 300 1879 373 —23-

481 465 844 573 »Kotaibae)
889 489 955 550 in
984 484 1185 551 Ritdb
1224 484 1639 572 cel-Illa'cirif
1671 486 1801 571 (seu
1847 489 2008 552 libro
2057 490 2456 573 notitiarum).
2545 492 2754 551 Nimi-

483 627 655 667 »rum
716 604 969 666 illorum
1030 603 1152 664 118
1211 620 1517 663 annorum
1580 604 1785 683 exegit
1846 606 1929 664 95
1996 593 2223 685 regulis
2287 582 2755 684 provinciarum

481 720 724 782 »adhuc
761 717 1202 791 obtinentibuS,
1249 725 1536 779 caeteros
1583 724 1789 777 autem
1838 717 1918 777 23
1964 717 2079 778 sub
2126 718 2374 801 regibus
2403 721 2757 794 Persarum,

482 843 580 895 »et
625 832 876 913 quidem
923 831 1000 890 de
1044 831 1142 892 his
1190 830 1269 892 23
1317 830 1525 911 exegit
1572 831 1650 892 14
1697 846 1899 904 anno-s
1944 838 2005 890 et
2052 831 2130 891 10
2177 851 2421 892 menses
2469 831 2586 892 sub
2623 833 2753 892 Ar—

480 943 832 1019 »deschiro,
878 962 1078 1004 annos
1117 953 1323 1005 autem
1361 945 1402 1006 8
1442 951 1505 1005 et
1542 943 1580 1004 2
1624 961 1873 1004 menses
1916 943 2330 1024 subSapore,
2377 946 2510 1027 ejus
2558 945 2752 1006 fili0.«

646 1060 821 1120 Haec
851 1059 1138 1118 Hamzae’
1168 1057 1468 1138 periodus
1517 1054 1739 1118 multas
1785 1056 2063 1117 continet
2107 1057 2361 1119 notitias
2406 1058 2760 1119 attentione

476 1180 689 1235 nostra
747 1172 963 1254 dignas
1009 1179 1071 1232 et
1114 1171 1212 1233 vix
1253 1171 1405 1231 alibi
1443 1170 1870 1251 reperiunda&
1958 1172 2272 1253 Nusquam
2322 1172 2556 1233 offendi
2602 1172 2760 1232 alibi

474 1287 708 1348 Babam
754 1304 967 1365 regem
999 1284 1507 1346 Nabathaeorum
1540 1286 1871 1366 Syrorum;
1920 1283 2170 1345 curiosa
2222 1306 2473 1367 quoque
2522 1286 2759 1348 obser—

475 1399 644 1460 vatio
693 1398 772 1459 de
818 1397 1074 1458 condita
1116 1395 1412 1459 'l—Hirah
1446 1416 1481 1458 a
1518 1398 2076 1460 NebukadnezarO.
2166 1400 2289 1462 Sed
2338 1399 2477 1460 loca
2528 1420 2758 1460 nume*

475 1513 561 1573 ris
585 1512 795 1603 ‘citata
839 1511 1057 1592 paullo
1107 1510 1595 1573 consideremus.

652 1625 706 1710 l)
751 1609 846 1686 Ex
889 1625 1017 1687 hoc
1061 1624 1211 1686 loco
1262 1633 1323 1686 et
1366 1624 1504 1686 aliis
1552 1633 1752 1705 patet,
1815 1628 1986 1708 quod
2034 1648 2211 1709 reges
2256 1627 2607 1688 Ascauidae
2653 1628 2756 1688 vel

476 1741 838 1816 Arsacidae,
880 1740 1029 1801 item
1057 1738 1539 1812 Ardawauidae,
1582 1739 1685 1820 qui
1735 1740 1894 1801 alias
1945 1740 2187 1803 tertiam
2236 1739 2501 1802 classem
2538 1761 2756 1822 regum

481 1855 865 1918 Persicorum
913 1852 1192 1914 efficiunt
1235 1846 1645 1932 scriptoribus
1691 1852 2134 1931 orientalibuS,
2196 1852 2755 1934 comprehendun*

477 1979 576 2030 tur
617 1969 734 2030 sub
778 1967 1007 2050 regulis
1052 1966 1142 2027 sic
1188 1965 1365 2027 dictis
1410 1965 1904 2046 provinciarum,
1942 1987 2068 2047 quo
2117 1967 2373 2029 nomine
2418 1966 2756 2046 appellan-

480 2093 577 2144 tur
637 2081 958 2145 ordinarie
1014 2079 1133 2156 illi,
1198 2080 1303 2160 qui
1349 2088 1497 2161 post
1539 2079 1961 2143 Alexandrum
2008 2083 2090 2143 M.
2137 2099 2395 2161 regnum
2444 2049 2757 2140 Persicum

478 2195 1252 2277 κατακεκερματισμένον
1311 2168 1523 2255 adse
1579 2202 1931 2274 rapuerant.
2034 2194 2221 2278 Cujus
2268 2164 2805 2272 reiigrnorautia'

482 2331 580 2371 me
626 2309 968 2390 aliquando
1015 2305 1148 2369 scio
1196 2305 1367 2387 quod
1411 2306 1763 2387 implicarit.

652 2420 710 2505 2)
757 2421 1055 2483 Nimirum
1101 2421 1336 2495 Sasan,
1400 2394 1438 2480 a
1484 2438 1610 2499 quo
1657 2420 1760 2481 hic
1803 2421 2141 2484 Ardeschir
2190 2421 2317 2506 (vel
2363 2424 2764 2504 Artaxerxes)

482 2536 927 2609 descendebat,
972 2543 1034 2597 et
1079 2553 1117 2596 a
1162 2553 1287 2614 quo
1326 2551 1505 2616 reges
1537 2533 1867 2596 Persarum
1903 2535 2099 2598 ultimi
2149 2534 2268 2620 (vel
2299 2535 2587 2620 Cosroes)
2637 2555 2765 2617 ap-

480 2651 792 2733 pellantur
817 2650 1183 2726 sasanidae,
1230 2656 1362 2710 erat
1406 2647 1604 2709 frater
1639 2649 1811 2710 Darii
1858 2658 1921 2711 et
1963 2650 2131 2713 fitius
2162 2650 2764 2713 Ardeschiri-Bah-

481 2764 650 2826 mani
704 2762 978 2844 (Graecis
1035 2763 1511 2826 Macrochairos
1568 2773 1679 2823 seu
1730 2763 2145 2848 ‘Longimani).
2259 2765 2511 2827 Scilicet
2570 2785 2763 2845 quum

482 2878 669 2940 morti
713 2879 951 2939 vicinus
996 2886 1160 2940 esset
1196 2878 1496 2953 Bahman,
1541 2877 1809 2960 rogabat
1849 2880 1985 2961 ejus
2029 2878 2161 2939 filia
2208 2880 2554 2959 eademque
2602 2899 2767 2939 uxor

480 2991 821 3067 Chomani,
865 2991 1056 3054 vellet
1100 2992 1394 3054 diadema
1437 3013 1553 3054 suo
1600 2990 2299 3076 ventri-circumligare,
2346 3012 2545 3073 caque
2592 2993 2766 3054 ceri-

485 3106 697 3169 monia
756 3128 966 3181 suum,
1030 3126 1214 3187 quem
1278 3080 1467 3169 utero*
1516 3114 1795 3189 gereret,
1856 3106 2094 3167 foetum
2153 3128 2363 3191 regem
2417 3107 2765 3186 declarare,

484 3227 731 3281 remoto
779 3221 912 3301 ejus
951 3218 1086 3281 filio
1136 3223 1430 3283 Samano.
1537 3219 1724 3293 Quod
1770 3239 1906 3280 cum
1951 3220 2191 3288 faceret
2232 3223 2541 3297 Bahman,
2602 3221 2769 3282 ede-—

483 3332 597 3421 bat
623 3330 929 3393 Chomani
960 3333 1237 3408 Darium,
1284 3352 1465 3414 quem
1513 3334 1687 3414 regni
1732 3323 2031 3414 proceres
2080 3336 2140 3396 in
2186 3356 2380 3419 regno
2417 3334 2768 3397 coufirma—

487 3446 658 3507 bant.
746 3448 848 3508 Sic
891 3448 1102 3527 itaque
1147 3447 1376 3507 Saman
1414 3447 1629 3509 abibat
1660 3449 2063 3525 Istacharam,
2109 3451 2355 3533 abjecta
2403 3450 2570 3510 omni
2620 3469 2772 3510 cura

486 3559 774 3641 rapiendi
818 3560 1028 3642 regni,
1091 3560 1498 3641 culturaeque
1540 3581 1795 3645 gregum
1842 3551 1903 3624 et
1947 3564 2159 3632 divino
2207 3564 2394 3627 cultui
2440 3585 2509 3625 se
2555 3564 2771 3636 dabat,

488 3674 887 3758 obstringens
933 3687 1084 3737 suos
1123 3672 1392 3750 liberos,
1439 3694 1626 3754 quum
1679 3677 1811 3739 fato
1853 3697 1969 3739 suo
2019 3680 2408 3760 propinquus
2455 3676 2655 3751 fieret,
2704 3685 2774 3739 ut

491 3789 607 3850 sibi
666 3789 894 3851 factam
957 3808 992 3849 a
1051 3787 1225 3849 Darii
1290 3795 1472 3868 gente
1531 3788 1817 3869 injuriam
1882 3792 2204 3853 studerent
2264 3800 2560 3873 quantum
2617 3799 2775 3872 pote

493 3902 706 3966 ulcisci
738 3902 795 3985 i).
1758 3885 1765 3890 ’
1832 3885 1836 3891 ’

661 4017 735 4099 3)·
769 4017 1154 4079 Ardawanus
1202 4017 1304 4078 hic
1351 4025 1446 4079 est
1490 4016 1631 4091 ille,
1699 4019 1802 4099 qui
1852 4037 2016 4080 anno
2064 4017 2289 4081 Christi
2340 4020 2494 4093 226,
2558 4027 2623 4079 ut
2682 4019 2778 4080 ait

493 4128 800 4203 PetaviuS,
844 4130 1206 4193 interfectus
1254 4140 1347 4192 est
1390 4130 1468 4192 ab
1516 4134 1879 4208 Artaxerxe,
1926 4153 2036 4194 rex
2082 4134 2330 4196 ultimus
2374 4132 2778 4206 Parthorum,

450 4313 456 4320 ,
495 4245 591 4305 vel
614 4242 1073 4319 Arsacidarum,
1108 4244 1207 4305 vel
1233 4246 1700 4322 Ascanidarum,
1736 4246 1905 4327 quod
1938 4248 2103 4309 idem
2136 4258 2248 4310 est.
2323 4250 2475 4309 Nam
2501 4248 2778 4322 Aschak‚

503 4394 775 4402 ο--Ἲν.->-η---.-γ
794 4394 877 4399 ,-..-,
898 4394 919 4397 ,⁷
929 4394 1056 4400 ——„-

610 4484 649 4554 ε)
688 4482 872 4553 Vergl.
909 4481 1162 4537 Abuued.
1203 4455 1324 4538 hist
1361 4486 1562 4540 anteisl.
1601 4489 1681 4554 ed.
1719 4487 2002 4543 mischar.
2042 4506 2156 4558 pag.
2197 4491 2277 4542 τε.
