2981 5125
1058 294 1601 367 -29..-

187 483 290 547 vel
337 483 623 563 Aschag,
686 481 787 543 vel
833 483 1157 559 Aschkan,
1215 482 1313 544 vel
1358 483 1651 566 Aschgan
1699 500 1886 546 unum
1936 494 2047 547 est.
2146 486 2265 548 Pro
2310 484 2469 551 exet

186 598 445 661 Aschak
510 606 717 659 autem
783 597 1161 678 scripserunt
1204 597 1520 677 Europaei
1552 606 1861 661 ‘auctores
1903 599 2217 675 Ar'schak,
2297 600 2476 680 quasi

188 710 379 809 ω)
429 697 748 792 legissent.

371 822 430 906 4)
477 822 852 885 Kodha'itae
899 843 1125 906 nempe
1166 824 1415 906 plurimi
1463 825 1753 887 abierant
1793 826 1858 887 in
1896 827 2136 911 Syriam
2186 848 2262 889 eo
2314 835 2478 889 tem-

187 956 372 1018 pore,
420 957 545 1017 quo
588 936 800 1013 Malik,
844 935 1011 1000 filius
1058 930 1307 1014 Fahmi',
1354 939 1604 1001 abierat
1646 941 1707 1000 in
1757 941 2160 1016 el-'lrakum‚
2208 949 2268 1003 et
2313 960 2480 1002 con-

191 1051 489 1113 diderant
525 1051 874 1133 dynastiam
915 1053 1030 1114 sub
1071 1072 1217 1134 rege
1249 1053 1483 1129 Sallho,
1528 1051 1665 1115 filio
1696 1052 1987 1115 Holwam
2026 1055 2105 1114 de
2136 1072 2249 1116 sua
2279 1063 2480 1135 gente.

193 1167 354 1226 Nam
402 1163 793 1237 Gpassanidae
851 1184 978 1227 non
1038 1167 1245 1229 statim
1310 1170 1576 1250 regnare
1636 1167 2006 1249 inceperunt
2061 1188 2199 1229 cum
2245 1168 2480 1230 Azditis
2557 1156 2568 1169 ’

192 1289 309 1342 aut
336 1256 636 1353 Nasridis‚
681 1278 814 1355 sed,
860 1289 928 1341 ut
972 1280 1059 1342 ait
1100 1281 1382 1367 Hadschi
1416 1279 1706 1356 Chalfah,
1757 1283 1878 1342 190
1925 1281 2103 1342 annis
2150 1283 2484 1360 posteriuS.

370 1396 431 1476 5)
477 1395 571 1454 Ex
613 1392 747 1455 hoc
786 1393 937 1456 loco
980 1415 1314 1476 possumus
1360 1413 1574 1458 veram
1621 1403 1894 1457 aetatem
1923 1392 2110 1454 ’Amri
2146 1402 2208 1455 et
2245 1394 2483 1455 initium

193 1508 454 1588 proprie
515 1508 605 1569 sic
668 1507 816 1570 dicti
875 1509 1053 1592 regni
1107 1507 1474 1571 Lachmitici
1534 1528 1946 1592 cognoscere.
2048 1508 2314 1571 Condita
2370 1508 2486 1570 fuit

179 1620 530 1696 ‚el-Kufah
574 1640 740 1683 anno
785 1621 1076 1684 Islamico
1122 1642 1232 1685 seu
1279 1630 1427 1705 post
1468 1622 1680 1705 fugam
1730 1624 1840 1699 173
1890 1623 1945 1685 is
1991 1623 2210 1685 incidit
2250 1623 2313 1684 in
2362 1642 2484 1685 an-

193 1754 345 1794 num
378 1733 605 1797 Christi
633 1736 781 1799 638.
864 1738 959 1799 Ab
1003 1739 1131 1800 hoe
1175 1758 1438 1801 numero
1486 1739 1540 1800 si
1586 1737 1917 1799 abstrahas
1964 1740 2111 1814 530,
2158 1736 2334 1821 (quot
2378 1737 2486 1797 ni-

191 1850 421 1910 mirum
463 1868 670 1931 annos
715 1851 930 1914 floruit
974 1834 1381 1914 et'el-Hirah
1406 1860 1493 1914 'et
1524 1872 1782 1935 regnum
1815 1871 2068 1932 quoque
2103 1852 2237 1913 sere
2268 1851 2486 1912 Lach-

191 1963 476 2023 miticum
522 1965 603 2024 ab
648 1961 859 2026 ’Amro
907 1965 1300 2049 institutum,)
1360 1954 1978 2027 remanebunt'anni
2039 1966 2163 2026 108
2223 1964 2488 2037 solareS,
2543 1961 2548 1966 ’

192 2087 313 2138 aut
362 2077 484 2136 112
529 2077 989 2156 propemodum
1035 2077 1320 2157 lunares,
1378 2080 1551 2159 quod
1612 2098 1751 2139 cum
1799 2078 2044 2139 calculo
2093 2086 2310 2140 nostro
2372 2099 2488 2140 su-

186 2193 414 2271 perius
460 2189 522 2249 in
572 2187 786 2249 tabula
829 2209 1044 2271 regum
1080 2191 1565 2257 Lachmidarum
1613 2192 1898 2274 quadrat.
1988 2192 2112 2253 Sed
2143 2190 2252 2252 ille
2285 2199 2490 2253 tamen

193 2302 482 2365 calculus
529 2323 713 2365 verus
762 2312 823 2364 et
867 2288 1196 2366 accuratus
1242 2325 1371 2366 non
1418 2315 1529 2382 est,
1578 2314 1643 2368 ut
1683 2306 1924 2389 patebit
1953 2325 2031 2367 ex
2060 2306 2490 2387 sequentibuS.

193 2420 355 2478 Nam
413 2417 465 2477 si
522 2435 557 2477 a
606 2417 732 2478 226
787 2417 1119 2479 abstrahas
1165 2419 1277 2493 95,
1336 2419 1751 2481 remanebunt
1800 2420 1954 2494 1313
2020 2420 2280 2481 deberet
2337 2440 2488 2502 ergo

195 2532 513 2613 incepisse
558 2530 725 2593 'Amr
781 2551 948 2593 anno
997 2530 1224 2593 Christi
1270 2533 1390 2596 131
1459 2531 1608 2618 (non
1661 2533 1799 2618 104)
1864 2542 1928 2596 et
1983 2533 2492 2597 Dschodzaimah

197 2649 277 2708 A.
324 2667 383 2727 p.
425 2645 577 2707 Chr.
614 2665 672 2706 n.
719 2648 797 2707 ’71
850 2643 997 2726 (non
1043 2644 1145 2728 44)
1195 2654 1256 2707 et
1298 2649 1489 2710 Malik
1533 2650 1607 2711 A.
1653 2648 1717 2710 C.
1764 2652 1841 2711 51
1893 2646 2042 2730 (non
2089 2647 2212 2732 24).
2313 2649 2392 2708 Et
2436 2648 2490 2708 si

201 2747 504 2843 deinceps
551 2759 632 2821 ad
676 2764 746 2820 A.
791 2781 852 2839 p.
898 2760 960 2822 C.
1006 2781 1066 2821 n.
1112 2760 1236 2822 226
1284 2759 1430 2843 (quo
1468 2762 1811 2823 Ardeschir
1846 2759 2074 2844 coepit)
2121 2762 2321 2852 addas
2367 2779 2493 2821 an-

200 2895 325 2936 nos
371 2876 478 2947 23,
546 2894 706 2954 quos
753 2875 958 2955 exegit
1000 2875 1167 2936 ’Amr
1226 2875 1341 2935 sub
1389 2883 1702 2954 potestate
1767 2884 1830 2936 et
1886 2873 2178 2935 clientela
2224 2872 2494 2947 Persica,

206 3010 401 3071 quum
445 2998 627 3051 antea
674 2997 1001 3069 regnasset
1045 2996 1437 3061 autocrator,
1501 2995 1777 3067 emerget
1831 3005 2031 3047 annus
2090 2988 2223 3068 ejus
2283 2984 2492 3047 fatalis

207 3104 337 3165 249
384 3100 532 3185 (non
581 3101 758 3185 222),
804 3122 931 3182 quo
978 3102 1118 3182 ipso
1164 3118 1495 3162 successor
1541 3101 1675 3183 ejus
1720 3099 1971 3180 incepit.

380 3216 569 3289 Quod
614 3214 664 3275 si
715 3233 865 3299 ergo
914 3223 1147 3303 eertum
1199 3223 1261 3276 et
1305 3214 1699 3293 exploratum
1746 3223 1858 3288 est,
1904 3212 2079 3295 quod
2119 3212 2494 3275 Kodha'itae

206 3303 571 3393 adhucdum
612 3330 933 3411 regnarint
991 3325 1053 3390 in
1097 3329 1328 3391 Arabia
1375 3328 1632 3411 Syriaca
1678 3336 1839 3403 tum,
1898 3349 2092 3410 quum
2136 3328 2495 3403 Ardeschir‚

205 3445 376 3507 filius
419 3444 687 3518 Babeki,
747 3442 1143 3519 ordiebatur,
1202 3442 1266 3506 id
1330 3451 1428 3504 est
1485 3442 1649 3534 intra
1704 3460 1933 3504 annum
1995 3442 2220 3504 Christi
2263 3443 2388 3505 226
2434 3451 2496 3504 et

207 3560 371 3635 230,
432 3566 668 3619 eertum
716 3575 970 3639 quoque
1017 3563 1080 3617 et
1125 3554 1519 3636 exploratum
1564 3566 1691 3631 est,
1754 3556 2136 3619 Gassanidas
2181 3565 2326 3618 ante
2367 3548 2519 3618 hoc⁸

206 3683 455 3755 tempus
499 3675 564 3733 in
609 3659 791 3756 Syria
834 3690 965 3733 non
1008 3688 1303 3751 regnasse
1349 3680 1412 3732 et
1454 3671 1722 3752 proinde
1765 3673 2017 3733 Aretam
2062 3668 2162 3731 vel
2195 3669 2491 3729 Haretam

204 3790 422 3864 illum,
470 3789 575 3870 qui
618 3785 900 3850 Paullum
941 3784 1235 3845 Damasci
1280 3784 1479 3846 voluit
1522 3784 1948 3866 prehendere,
2003 3802 2131 3843 non
2174 3800 2367 3863 posse
2413 3781 2493 3843 de

206 3904 332 3965 hac
379 3912 562 3985 gente
607 3901 833 3977 fuisse,
898 3898 1071 3982 quod
1118 3908 1327 3962 tamen
1371 3899 1722 3979 suspicatus
1781 3897 1899 3974 fuit
1942 3895 2323 3959 clarissimus
2372 3895 2493 3959 Po-

209 4016 496 4080 coekius.
589 4017 717 4079 Sed
760 4015 881 4096 hac
927 4014 1005 4075 de
1045 4033 1115 4076 re
1160 4020 1428 4075 mentem
1477 4030 1680 4074 meam
1726 4010 1954 4072 clarius
2002 4029 2340 4091 exponam,
2385 4011 2490 4072 ubi

211 4134 295 4195 ad
340 4152 442 4194 res
488 4130 978 4194 Gassanidarum
1024 4148 1390 4210 pervenero.
1478 4124 1863 4207 Progredior
1919 4144 2071 4208 ergo
2144 4124 2206 4185 in
2269 4123 2492 4185 ordine

210 4268 432 4330 regum
475 4244 884 4308 Arabieorum
946 4244 1010 4304 in
1058 4240 1366 4317 el—'Irak‚
1425 4242 1530 4303 ubi
1592 4258 2020 4303 successorem
2067 4238 2252 4300 'Amri
2310 4235 2491 4319 primi

212 4360 525 4422 habemus
574 4360 707 4440 ejus
752 4358 947 4421 filium
