2981 5125
566 535 720 597 »Hic
760 533 1032 596 vicissim
1072 551 1354 594 sororem
1399 529 1566 612 regis
1610 529 1955 610 deperibat.
2044 527 2249 602 Quum
2293 527 2507 609 itaque
2551 528 2654 590 hic
2696 527 2852 591 ’Adi

568 655 772 710 »esset
818 646 922 712 ἐπὶ
969 645 1092 711 τοῦ
1151 642 1370 710 ποτοῦ
1426 650 1488 704 et
1534 644 1899 705 commissas
1946 643 2212 705 haberet
2268 659 2421 702 suae
2484 660 2672 703 curae
2731 661 2850 703 res

566 759 960 825 »convivales
1005 757 1203 840 regi5‚
1270 756 1356 820 ita
1403 775 1613 819 secum
1661 757 2082 820 condicebant
2124 755 2379 830 amasii,
2453 763 2521 817 ut
2561 753 2702 817 'Adi
2759 776 2849 818 eo

565 883 886 956 »tempore
945 879 1187 954 peteret
1243 889 1281 932 a
1337 891 1486 952 rege
1530 870 1922 932 Rakascham
1980 869 2041 930 in
2101 888 2398 947 uxorem,
2468 871 2726 952 quando
2789 869 2851 932 is

466 973 474 983 ’
564 989 798 1051 »victus
859 1006 897 1048 a
955 981 1211 1066 crapula
1272 985 1455 1046 foret.
1555 982 2034 1064 Exsequebatur
2088 980 2224 1043 'Adi
2285 981 2616 1045 destinata.
2702 985 2852 1045 Rex

563 1102 917 1164 »annuebat
975 1109 1037 1162 et
1077 1097 1212 1160 ’Adi
1258 1096 1505 1178 nuptias
1551 1116 1692 1158 cum
1742 1103 1948 1158 amata
1993 1095 2282 1158 faciebat.
2383 1097 2599 1160 Altero
2648 1116 2851 1159 mane

565 1234 740 1277 »cum
783 1211 1199 1275 intellexisset
1232 1209 1759 1287 Dschodzaimah,
1806 1229 1967 1292 quae
2014 1209 2424 1292 contigerant,
2467 1209 2656 1280 valde
2695 1210 2851 1272 ira-

563 1327 910 1404 »scebatur,
955 1331 1341 1408 quapropter
1382 1323 1500 1391 iste
1536 1321 1671 1384 'Adi
1720 1323 2013 1407 fugiebat.
2101 1326 2404 1388 Asserunt
2447 1324 2642 1407 aliqui
2691 1346 2847 1388 eum

561 1460 634 1504 »a
664 1439 1124 1503 Dschodzaima
1163 1444 1499 1499 retractum
1540 1455 1618 1498 ex
1662 1436 1810 1520 fuga
1851 1436 2134 1520 periisse.
2222 1437 2557 1501 Gravidam
2582 1438 2847 1500 interim

561 1528 675 1618 »ex
715 1555 893 1618 ’Adio
947 1552 1340 1616 Rakascham
1400 1551 1830 1633 interrogabat
1882 1549 2391 1614 Dschodzaimah
2451 1551 2624 1614 hisce
2681 1571 2845 1615 ver-

558 1667 845 1731 »siculisx

732 1780 882 1844 »Dic
942 1781 1091 1843 mihi
1137 1780 1458 1857 Rakasch,
1518 1800 1721 1862 neque
1773 1779 2066 1841 mentire:
2126 1779 2206 1841 ab
2264 1778 2538 1861 ingenuo
2598 1788 2745 1842 stu-

645 1917 859 1978 »prum
905 1914 1090 1979 passa
1139 1915 1244 1970 eS,
1290 1913 1368 1956 an
1415 1894 1495 1956 ab
1543 1893 1853 1976 ignobili?

727 2012 858 2072 »An
921 2029 958 2071 a
1017 2013 1250 2073 servo?
1341 2010 1418 2072 Et
1476 2027 1631 2070 sane
1695 2007 1881 2090 digna
1944 2027 2010 2069 es
2076 2015 2138 2069 et
2193 2026 2472 2091 congrua
2532 2028 2747 2072 servo.

641 2127 772 2187 »An
819 2124 897 2186 ab
945 2123 1196 2205 aliquo,
1261 2124 1367 2206 qui
1422 2124 1630 2186 adhuc
1685 2141 1868 2183 servo
1928 2121 2137 2184 minor
2179 2128 2275 2183 est
2326 2128 2388 2183 et
2429 2119 2747 2184 inferior?

641 2239 757 2300 »Et
800 2255 952 2299 sane
997 2235 1109 2297 tali
1154 2258 1411 2320 quoque
1458 2236 1835 2319 quadrabas.

730 2352 898 2414 »Imo
942 2369 1130 2426 vero,
1193 2351 1406 2434 ajebat
1458 2348 1779 2425 RakaSch,
1839 2367 1970 2410 rem
2031 2349 2225 2411 habui
2280 2371 2419 2412 cum
2479 2350 2691 2433 aliquo
2754 2354 2841 2417 de

557 2465 868 2528 »Arabum
915 2465 1346 2527 nobilissimis.
1430 2463 1584 2526 lnde
1640 2482 1903 2544 puerum
1960 2464 2340 2542 enitebatur,
2401 2487 2588 2548 quem
2632 2467 2840 2532 altum

553 2580 891 2642 »induebat
935 2588 1158 2661 torque
1203 2589 1266 2643 et
1311 2579 1677 2670 appellabat
1720 2577 1904 2640 ’Amr.
1989 2578 2267 2640 Huncin
2305 2579 2507 2643 filium
2544 2581 2839 2663 adopta-

555 2695 704 2756 »bat
746 2694 1272 2756 Dschodzaimah.
1357 2693 1587 2775 Aliquo
1649 2699 1934 2774 tempore
1990 2701 2138 2773 post
2185 2692 2663 2756 desiderabatur
2703 2695 2839 2759 iste

556 2828 778 2891 »puer,
841 2808 932 2871 sic
990 2816 1059 2871 ut
1116 2806 1431 2871 communi
1494 2806 1791 2887 opinione
1835 2807 2239 2870 crederentur
2286 2806 2627 2869 daemones
2679 2826 2836 2871 eum

554 2918 875 3005 »rapuisse
914 2921 988 3008 q).
1075 2922 1358 2984 Tandem
1403 2920 1530 2983 duo
1578 2919 1849 3002 quidam,
1894 2918 2088 2981 Malik
2124 2928 2185 2982 et
2215 2919 2442 2997 'Okail,
2489 2941 2627 2983 eum
2657 2922 2834 2986 forte

551 3046 904 3118 »repertum
936 3035 1290 3099 reddebant
1322 3033 1845 3096 Dschodzaimae.
1932 3034 2074 3108 Quo
2119 3033 2438 3116 insperato
2486 3055 2636 3099 casu
2680 3038 2835 3099 lae-

552 3160 753 3214 »tatus
796 3149 904 3212 ille
938 3169 1166 3232 rogare
1210 3149 1367 3211 istos
1413 3168 1451 3209 a
1497 3168 1565 3211 se
1604 3148 2316 3231 jubebatquodcunque
2349 3149 2595 3212 vellent.
2678 3152 2831 3213 Ro-

551 3264 824 3345 »gabant
867 3283 1055 3345 ergo,
1113 3264 1501 3346 permitteret
1543 3262 1727 3345 ipsis,
1792 3261 2089 3342 quamdiu
2134 3253 2371 3324 viveret
2410 3262 2549 3344 ipse
2596 3271 2658 3326 et
2698 3263 2827 3345 ipsi

550 3395 843 3457 »quoque
885 3384 1314 3457 superessent,
1363 3377 1498 3460 ejus
1546 3395 1686 3438 esse
1729 3381 2131 3456 compotores
2179 3383 2241 3438 et
2283 3377 2538 3439 sodales
2571 3376 2640 3462 r).
2738 3380 2822 3440 Hi
2893 3421 2896 3426 -

550 3497 732 3551 »sunt
776 3509 928 3571 ergo
975 3490 1055 3553 de
1099 3486 1324 3572 quibus
1371 3490 1570 3553 fertur
1603 3486 2035 3574 proverbium:
2079 3490 2155 3552 Ut
2200 3491 2428 3571 gemini
2474 3503 2824 3574 compoto-

547 3622 686 3665 »res
732 3603 1229 3667 Dschodzaimae
1265 3603 1330 3687 s).

830 3746 1103 3753 ψ*-

651 3825 705 3895 q)
742 3822 914 3878 Multa
953 3832 1249 3878 memorant
1279 3822 1492 3878 Arabes
1528 3824 1597 3878 de
1634 3827 1909 3899 utriusque
1948 3844 2103 3881 sexus
2141 3828 2491 3883 daemonibus
2522 3828 2575 3881 in
2606 3828 2820 3883 deserto

543 3924 852 3992 vagantibus
891 3934 944 3981 et
980 3941 1169 3980 eorum
1204 3940 1325 3976 cum
1354 3921 1662 3977 hominibus
1696 3924 1989 3979 viatoribus
2019 3926 2222 3980 carnali
2255 3927 2597 3981 commercio.
2674 3925 2820 3981 Col-

538 4020 666 4090 legit
700 4039 760 4075 ea
800 4023 1057 4093 peculiari
1098 4023 1269 4094 capite
1307 4021 1667 4086 el-Dschauzi
1706 4026 1760 4079 in
1810 4044 1908 4079 suo
1945 4024 2109 4081 Mirat
2151 4015 2480 4091 ez-Zaman,
2529 4046 2625 4081 seu
2677 4046 2817 4097 spe—

539 4120 663 4173 culo
694 4128 1029 4192 temporum,
1075 4140 1231 4193 quam
1271 4122 1582 4194 particulam
1620 4123 1903 4197 aliquando
1942 4125 2173 4197 prodere
2206 4124 2481 4179 destinavi.

644 4217 691 4290 r)
730 4215 800 4272 Et
837 4229 981 4274 certe
1017 4238 1124 4274 non
1163 4240 1350 4294 parum
1388 4222 1670 4292 rogabant,
1723 4224 1894 4292 magni
1946 4233 1997 4278 et
2043 4222 2261 4295 superbi
2304 4232 2356 4276 et
2399 4219 2720 4293 αιῖταρὲσκου
2765 4236 2818 4279 et

535 4318 910 4389 μισανθρώπου
940 4320 1079 4389 regis
1114 4320 1283 4373 intimi
1312 4299 1537 4375 ministri
1569 4330 1621 4374 et
1656 4321 1812 4374 amici
1849 4323 2122 4393 praecipui
2151 4340 2287 4387 esse,
2325 4322 2463 4376 haud
2494 4341 2681 4394 parum
2712 4336 2815 4379 est.

641 4417 686 4488 s)
722 4414 886 4478 Arab.
921 4435 1072 4488 prov.
1109 4419 1192 4473 ed.
1229 4420 1496 4491 Freytaq.
1536 4418 1689 4474 Tom.
1729 4418 1828 4473 111.
1868 4437 1921 4491 p.
1959 4422 2064 4475 507
2114 4422 2219 4473 und
2261 4423 2424 4491 vergi.
2463 4423 2551 4477 die
2593 4423 2664 4476 im
2706 4422 2815 4478 ln-

535 4518 636 4572 dex
673 4527 826 4573 unter
862 4516 1168 4589 Djadsimah
1205 4518 1581 4574 bezeichneten
1621 4517 1837 4575 Stellen.
2113 4519 2116 4522 ’
