2981 5125
1020 317 1364 394 -121
1471 366 1575 379 --

163 511 535 585 »tabantur3
582 513 646 571 et
686 513 755 570 ut
795 527 913 570 nos
958 507 1047 570 ibi
1090 506 1547 589 crepitabamus
1593 508 1818 587 armis,
1858 510 1951 574 sic
1991 518 2055 574 et
2095 511 2220 587 illi3
2265 512 2431 575 unde

163 637 273 686 »et
326 623 433 687 hic
488 641 671 685 mons
732 620 1078 683 Ko'aiki't'm
1138 626 1233 682 est
1286 621 1484 684 dictus
1544 621 1745 705 (quasi
1801 625 2176 711 crepitator).
2219 662 2304 673 —-
2346 662 2431 674 -

162 738 489 800 »Tandem
533 756 652 799 nos
695 734 1020 799 victoriam
1065 735 1232 797 nacti
1277 737 1671 800 contudimus
1713 740 2048 817 Israelitas,
2090 740 2431 823 fugientem

162 854 520 914 »Faranum
580 857 900 912 assecutus
961 848 1027 911 in
1094 848 1262 912 colle
1321 849 1598 930 quodam
1659 871 1770 914 rex
1832 851 1999 917 'Amr
2061 855 2432 934 trucidabat,

164 964 377 1026 »unde
422 962 572 1027 colli
612 982 839 1025 nomen
876 962 1059 1025 collis
1087 964 1292 1024 Faran
1325 962 1634 1025 adhaesit.
1717 965 2035 1046 Fugitivos
2077 989 2433 1051 perseque-

161 1077 433 1139 »bamur
485 1094 686 1156 usque
738 1077 1269 1161 Hierosolymam,
1336 1076 1443 1138 ubi
1496 1077 1705 1141 ’Amro
1766 1080 2176 1145 condixerunt
2232 1082 2434 1145 obse-

162 1192 426 1274 »quium
470 1199 534 1253 et
575 1190 1006 1273 imposuerunt
1051 1208 1350 1253 coronam
1394 1190 1651 1271 regiam.
1732 1192 1887 1255 Erat
1926 1194 2091 1257 inter
2134 1216 2246 1259 eos
2293 1196 2435 1259 ele-

165 1326 364 1388 »gans
422 1303 734 1379 foemina,
795 1304 1006 1366 Borah
1059 1302 1191 1365 filia
1239 1303 1585 1378 SimeoniS,
1649 1323 1772 1386 qua
1817 1325 1945 1368 non
1987 1308 2311 1389 pulchrior
2355 1329 2432 1371 eo

163 1430 493 1501 »tempore
540 1420 769 1495 altera,
835 1436 1023 1499 quam
1080 1417 1201 1479 sibi
1256 1435 1368 1479 rex
1416 1416 1626 1478 forma
1673 1426 1941 1481 tentatus
1986 1421 2152 1483 thori
2198 1422 2434 1484 sociam

164 1534 610 1618 »adjungebat.
692 1531 805 1594 llla
859 1531 998 1593 sola
1058 1531 1177 1593 soli
1237 1509 1609 1593 conversata
1671 1532 1934 1613 gratiam
1990 1534 2261 1616 rogabat
2314 1536 2436 1597 sibi

162 1647 377 1723 »fieri3
434 1653 744 1709 annuente
790 1648 1040 1720 orabat,
1085 1645 1277 1707 vellet
1318 1654 1503 1728 gente
1547 1664 1662 1707 sua
1709 1647 2048 1724 excedere,
2094 1669 2301 1729 neque
2342 1650 2435 1712 illi

164 1760 414 1843 »gravis
462 1779 631 1836 esse,
687 1759 877 1840 idque
922 1778 1034 1821 eos
1079 1778 1147 1819 se
1192 1759 1559 1823 mediatrice
1604 1759 1963 1841 supplicari.
2057 1763 2439 1828 Discedebat

161 1876 422 1955 »itaque
463 1874 634 1934 'Amr
673 1874 953 1933 Meccam
997 1892 1135 1933 cum
1185 1890 1300 1932 sua
1344 1890 1580 1951 sponsa
1624 1880 1685 1932 et
1729 1880 1976 1935 centum
2018 1875 2166 1938 viris
2213 1878 2292 1939 de
2334 1880 2440 1940 Is-

159 1988 571 2049 »raelitarum
631 1983 1034 2064 optimatibus
1095 1993 1387 2064 tanquam
1450 1983 1798 2046 obsidibus.
1894 1987 1973 2049 Ut
2014 1989 2437 2074 Adschjadum

158 2106 496 2175 »venerat,
541 2096 831 2178 capiebat
865 2096 1076 2157 Borah
1122 2096 1382 2159 tribulos
1427 2097 1706 2173 ferreoS,
1749 2116 2122 2181 venenoque
2167 2101 2434 2167 infectos

161 2213 345 2297 »ejus
392 2211 707 2292 stragulae
753 2209 1140 2293 subJ'iciebat,
1184 2228 1528 2293 generosos
1567 2208 1814 2271 interim
1851 2219 1913 2273 et
1944 2213 2200 2277 veloces
2236 2236 2435 2299 equos

161 2325 330 2388 »sibi
376 2324 788 2405 comparabat
830 2332 892 2385 et
935 2323 1243 2397 homines,
1287 2322 1513 2404 quibus
1542 2322 2051 2407 Hierosolymam
2087 2329 2438 2393 reducere-

164 2449 326 2503 »tu-r.
414 2439 493 2501 Ut
532 2437 699 2499 'Amr
739 2437 950 2518 itaque
994 2436 1266 2498 cubitum
1312 2423 1546 2512 iverat,
1606 2446 2015 2518 compunctus
2060 2441 2437 2507 tribulorum

164 2551 444 2616 »aculeis
489 2559 552 2614 et
589 2571 837 2614 -veneno
882 2549 1180 2627 infectuS,
1245 2551 1419 2633 quod
1466 2572 1685 2615 omnes
1732 2553 1866 2636 ejus
1912 2553 2213 2619 articulos
2257 2556 2439 2622 lace-

167 2666 408 2743 »rabat,
447 2666 715 2747 peribat.
802 2665 927 2728 Sed
972 2666 1211 2746 equites
1254 2665 1735 2728 Dschorhamici
1779 2667 2158 2749 fugientibus
2202 2670 2440 2733 foemi-

171 2797 329 2840 »nae
390 2786 453 2840 et
514 2798 655 2840 cum
714 2796 789 2839 ea
837 2788 1081 2840 centum
1128 2779 1453 2841 obsidibus
1501 2779 1731 2841 collem
1774 2780 1980 2840 Faran
2026 2785 2437 2864 occupabant,

168 2913 397 2975 »quem
444 2912 571 2955 non
617 2898 911 2972 poterant
956 2890 1223 2967 evitare,
1288 2900 1349 2952 et
1411 2891 1726 2953 venientes
1773 2893 2108 2971 capiebant
2152 2905 2215 2958 et
2255 2899 2437 2960 Mec-

171 3027 350 3070 »cam
395 3005 800 3069 reducebant.
884 3004 1021 3086 Ego
1082 3012 1152 3066 ut
1207 3002 1501 3085 sepulcro
1559 3002 1815 3064 fratrem
1871 3023 2075 3065 meum
2122 3009 2437 3073 condide-

170 3141 377 3198 »ram,
441 3120 750 3184 scelestos
813 3137 1029 3180 omncs
1091 3116 1303 3200 gladio
1359 3117 1581 3179 sustuli
1625 3151 1732 3178 -.
1814 3117 1968 3179 Inde
2014 3136 2272 3200 regnum
2318 3142 2437 3185 ca·-

171 3235 445 3319 »pessivi
490 3243 552 3297 et
595 3235 853 3297 adortus
898 3234 987 3295 fui
1030 3233 1363 3310 israelitem,
1408 3233 1812 3312 Graecosque
1857 3238 1920 3293 et
1959 3233 2170 3317 Syros,
2217 3255 2435 3301 eorum

173 3350 608 3426 »foederat03,
671 3355 733 3409 et
794 3365 1001 3409 arcam
1057 3347 1344 3422 Davidis,
1406 3347 1506 3408 cui
1561 3345 1918 3410 Schekinah
1960 3347 2331 3415 inhaerebat
2376 3363 2440 3416 et

174 3464 608 3546 »psalterium,
671 3481 857 3544 quam
902 3482 1111 3523 secum
1159 3462 1508 3524 extulerant
1551 3468 1770 3522 contra
1813 3480 1949 3536 me,
2013 3462 2128 3524 sed
2169 3483 2284 3544 per
2327 3466 2438 3527 fu·-

176 3598 355 3660 »gam
404 3585 466 3639 et
508 3576 992 3658 trepidationem
1035 3575 1423 3658 abjecerant,
1469 3576 1626 3655 cepi.
1709 3575 2253 3639 Dschorhamidae
2296 3599 2434 3642 eam

175 3700 273 3755 »et
312 3690 701 3754 Amalekitae
745 3709 845 3752 me
901 3689 1095 3751 invito
1144 3696 1206 3774 et
1249 3689 1627 3769 deprecante
1670 3687 1734 3749 in
1781 3686 1995 3768 aliquo
2042 3690 2210 3769 apud
2251 3691 2436 3753 Mec-

176 3825 352 3868 »cam
410 3804 801 3887 sterquilinio
860 3802 1234 3867 condebant.
1334 3804 1631 3865 Vetuerat
1680 3802 1848 3864 idem
1894 3810 1956 3864 et
1998 3802 2437 3870 intercesserat

178 3915 551 3995 »Homaisa’,
614 3915 781 3980 filius
823 3917 1064 3994 Nabeti,
1105 3917 1219 3980 filii
1262 3916 1502 3993 Kidari,
1544 3916 1656 3978 filii
1697 3914 1998 3991 lsmaelis,
2044 3915 2159 3978 sed
2202 3918 2438 3999 pariter

178 4032 461 4095 »frustra
547 4029 960 4094 Nihilominus
994 4039 1203 4094 tamen
1244 4052 1360 4117 ego
1399 4039 1591 4096 noctu
1636 4030 1898 4093 extraho
1944 4047 2156 4092 arcam
2202 4040 2264 4094 et
2306 4033 2433 4098 alia

180 4146 402 4209 »simili
443 4145 936 4231 hypobolimaea
982 4146 1136 4208 meis
1180 4146 1437 4227 impono
1458 4145 1543 4230 c),
1583 4163 1790 4208 veram
1823 4149 2028 4205 autem
2064 4145 2425 4211 Homaisa’o
2525 4142 2532 4151 ’

180 4261 417 4324 »trado.
501 4260 656 4323 lude
696 4257 924 4323 invasit
963 4258 1496 4323 Dschorhamidas
1544 4269 1606 4324 et
1643 4258 2024 4324 Amalekitas
2067 4258 2195 4360 5³·le
2242 4281 2433 4324 moe-

280 4497 331 4570 c)
371 4496 526 4552 Cous.
564 4497 781 4555 historia
818 4499 1038 4555 Palladii
1076 4498 1309 4571 Trojani.
1427 4502 1433 4508 '
