2981 5125
1403 305 1970 382 -170—

558 506 763 562 »ceret
805 499 932 562 hoc
975 498 1165 575 scire,
1210 516 1363 561 sane
1394 497 1635 560 scirem
1681 516 1835 579 ego;
1892 497 1959 560 id
2006 504 2212 560 tamen
2258 496 2539 575 affirmo,
2586 497 2835 561 nullam

556 615 754 676 »intra
808 615 930 677 hos
987 620 1227 695 septem
1287 631 1486 674 annos
1542 617 1789 673 noctem
1852 612 2004 673 mihi
2062 612 2464 692 obrepturam
2522 610 2706 688 fore,
2746 611 2836 673 ‚in

555 730 766 810 »cujus
810 746 1075 808 vespera
1120 736 1226 788 aut
1271 744 1505 788 aurora
1550 746 1671 809 ego
1716 744 1846 787 non
1907 731 2265 809 exspectem
2320 718 2610 787 nostrum
2654 725 2833 787 inte-

553 841 795 904 »ritum.
901 844 1128 903 Postea
1174 840 1428 903 videbat
1471 838 1657 923 (forte
1698 839 1764 901 in
1809 838 2056 925 somno)
2113 839 2280 902 'Amr
2323 837 2629 900 diluvium
2680 839 2835 902 obi-

554 954 699 1015 »cis
786 955 865 1016 Et
904 953 1231 1015 'dicebatur
1273 954 1425 1036 ipsi:
1476 954 1675 1036 Hujus
1722 959 1978 1015 eventus
2023 953 2266 1034 signum
2312 953 2460 1029 erit,
2505 954 2563 1015 si
2608 954 2831 1016 videas

552 1066 868 1148 »glaream
912 1066 976 1128 in
1021 1069 1209 1130 ramis
1253 1068 1624 1151 palmarum,
1669 1086 1807 1129 cum
1853 1084 1978 1147 qua
2021 1065 2212 1142 foliis,
2256 1076 2387 1131 tum
2429 1086 2557 1149 qua
2602 1075 2827 1130 trunco

483 1204 490 1210 ⁸
552 1190 735 1243 »sunt
778 1181 1074 1263 contigui.
1161 1181 1440 1264 Cumque
1478 1181 1824 1261 respiceret
1866 1179 2325 1259 etlinquirercss
2371 1181 2827 1262 deprehende-

551 1296 699 1357 »bat
740 1296 1017 1375 glaream
1060 1296 1125 1357 in
1171 1296 1360 1359 ramis
1406 1295 1778 1377 palmarum.
1862 1293 2140 1375 Amplius
2188 1312 2339 1377 ergo
2387 1313 2513 1355 non
2564 1293 2829 1355 dubita-

483 1403 487 1420 '
553 1410 718 1483 »bat‚
762 1411 911 1491 quin
946 1409 1263 1473 calamitas
1298 1409 1422 1472 ista
1454 1409 1537 1470 sit
1571 1415 1891 1483 eventura,
1934 1426 2171 1490 suaque
2206 1408 2383 1491 regio
2420 1406 2826 1502 destruenda.

553 1523 717 1585 »Sed
779 1524 1116 1614 diligenter
1175 1522 1468 1599 curabat,
1531 1542 1612 1583 ne
1657 1521 1806 1602 quid
1851 1521 1915 1582 in
1960 1521 2267 1607 populum
2310 1520 2433 1582 hac
2477 1520 2560 1581 de
2602 1540 2678 1582 re
2725 1519 2827 1581 di-

472 1658 479 1666 ·
555 1644 895 1712 »manaret,
941 1636 1446 1717 decernebatque
1478 1634 1710 1709 omnia,
1756 1653 1919 1716 quae
1960 1635 2333 1716 possidebat
2373 1634 2437 1696 in
2483 1641 2655 1696 terra
2686 1635 2827 1696 Ma-

555 1751 743 1827 »reb‚
808 1751 1080 1814 vendere
1142 1757 1205 1811 et
1260 1749 1409 1811 inde
1470 1748 1768 1828 deinceps
1827 1767 1967 1809 cum
2028 1747 2245 1811 liberis
2310 1748 2437 1812 suis
2499 1748 2825 1832 emigrare.

552 1864 753 1938 »Quia
795 1883 950 1927 vero
995 1864 1335 1926 verendum
1382 1870 1547 1939 erat,
1608 1880 1687 1923 ne
1731 1862 2123 1943 suspiciones
2168 1863 2233 1924 id
2279 1864 2447 1945 apud
2492 1862 2660 1925 alios
2708 1884 2825 1925 ex-

552 1977 826 2054 »citaret,
867 1977 1233 2040 instituebat
1275 1977 1631 2039 convivium
1675 1983 1739 2038 et
1782 1976 2159 2039 condicebat
2201 1998 2340 2040 cum
2379 1997 2507 2039 uno
2545 1977 2824 2039 filiorum

552 2110 867 2167 »suorum,
910 2090 1164 2168 Malico‚
1208 2099 1275 2153 ut
1308 2091 1450 2171 ipse
1490 2099 1674 2171 pater
1711 2092 2051 2172 imperaret
2093 2090 2331 2173 aliquid
2364 2089 2497 2153 filio
2527 2090 2595 2152 in
2624 2089 2821 2171 ¹pleno

553 2224 924 2281 »consessu,
990 2204 1156 2267 filius
1217 2205 1482 2268 obedire
1545 2213 1842 2287 negaret;
1911 2214 2093 2285 pater
2146 2211 2488 2288 propterea
2546 2204 2820 2287 colapho

554 2337 733 2378 »eum
779 2317 1076 2379 caederet
1118 2326 1179 2381 et
1220 2338 1291 2381 se
1334 2318 1574 2381 ulturus
1611 2317 1778 2379 filius
1813 2317 2080 2380 vicissim
2117 2326 2379 2399 patrem.
2466 2317 2611 2393 Quo
2650 2320 2822 2381 facto

553 2426 1034 2509 »proclamabat
1084 2426 1254 2491 'Amr
1311 2438 1372 2492 et
1430 2432 1563 2515 ejus
1626 2429 1844 2492 liberi:
1910 2430 2125 2492 Eheu!
2194 2432 2297 2494 die
2350 2431 2592 2514 gloriae
2634 2430 2823 2493 'Amri

554 2543 972 2605 »dehonestat
1031 2562 1172 2605 eum
1231 2543 1432 2606 infans
1504 2551 1568 2613 et
1626 2542 1853 2606 faciem
1917 2546 2049 2629 ejus
2107 2546 2332 2609 caedit.
2438 2544 2823 2626 Jurabatque

554 2657 759 2720 »'Amr
801 2656 1206 2720 vellefilium
1252 2658 1566 2736 occidere,
1609 2659 1719 2719 sed
1760 2659 2258 2741 deprecabantur
2291 2660 2619 2722 convivae.
2701 2662 2822 2722 Ju-

419 2840 426 2848 ,
467 2765 471 2768 ”
551 2773 774 2834 »rabat
814 2771 1047 2854 itaque,
1104 2770 1277 2834 nolle
1321 2771 1524 2834 saltim
1569 2772 1655 2834 ibi
1702 2790 1973 2848 manere,
2018 2775 2126 2836 ubi
2175 2774 2314 2837 talis
2358 2775 2481 2856 ipsi
2526 2775 2818 2863 cont-ige·-

549 2886 668 2948 »rit
708 2885 985 2961 infamia,
1034 2893 1098 2947 et
1140 2885 1301 2947 velle
1346 2905 1565 2948 omnes
1609 2904 1756 2947 suas
1799 2885 2131 2949 facultates
2179 2889 2472 2963 vendere,
2527 2909 2608 2951 ne
2648 2886 2817 2953 filius

551 3017 697 3061 »eas
737 2999 1130 3062 haereditate
1169 3000 1373 3081 possit
1408 3001 1714 3081 accipere.
1799 3001 2232 3064 Hortabantur
2272 3003 2484 3083 itaque
2529 3021 2669 3063 sese
2716 3003 2820 3064 in-

551 3113 786 3174 »vicem
844 3118 1110 3193 captare
1156 3115 1559 3176 occasionem
1616 3116 1750 3176 irae
1806 3114 1993 3176 'Amri
2054 3124 2115 3177 et
2178 3135 2421 3190 emere,
2482 3123 2818 3197 antequam

552 3247 728 3287 »cum
786 3224 918 3288 filio
976 3226 1040 3286 in
1096 3226 1359 3308 gratiam
1404 3227 1655 3289 rediret.
1742 3228 1845 3291 Sic
1892 3229 2185 3292 emebant
2230 3231 2476 3307 omnia,
2545 3249 2713 3312 quae
2757 3229 2820 3293 iu

552 3322 909 3401 »territorio
953 3341 1171 3413 March
1216 3341 1602 3421 possidebat.
1688 3341 1988 3404 Manabat
2047 3343 2129 3404 ad
2190 3343 2350 3405 alios
2406 3343 2577 3404 fama
2633 3344 2818 3427 hujus

551 3453 702 3530 πεί,
746 3461 813 3516 ut
857 3454 1044 3515 etiam
1087 3455 1384 3542 Asaditae
1429 3453 1684 3535 quidam
1732 3454 2023 3517 emebant
2066 3457 2387 3518 nonnulla.
2435 3435 2441 3442 ⁵
2477 3457 2604 3520 Sed
2635 3477 2822 3537 quum

486 3611 494 3620 .
552 3566 774 3628 »nimis
821 3567 1025 3628 multa.
1048 3567 1380 3644 venderet,
1426 3567 1745 3648 coepit-id
1790 3566 2148 3631 hominibus
2193 3576 2552 3650 suspectum
2590 3568 2729 3631 fieri
2765 3577 2827 3632 et

551 3681 978 3743 »desistebant
1023 3681 1103 3742 ab
1151 3681 1444 3742 emtione.
1551 3679 1757 3755 Quum
1805 3687 2012 3742 tamen
2057 3683 2439 3745 vendidisset
2480 3672 2598 3745 s‘ua
2640 3683 2821 3759 'Ama

552 3770 958 3856 »declarabat
1003 3794 1365 3856 hominibus
1412 3797 1733 3876 negotium
1773 3796 2160 3858 catarractae
2200 3805 2262 3860 et
2294 3797 2508 3859 exibat
2538 3817 2624 3859 ex
2652 3799 2823 3859 Ara-

551 3906 694 3967 »bia
723 3907 923 3981 felice,
971 3915 1034 3969 et
1076 3927 1218 3969 cum
1265 3927 1343 3970 eo
1390 3908 1611 3990 ingens
1657 3907 1980 3968 hominum
2024 3929 2318 3972 numerus
2365 3920 2427 3973 et
2467 3911 2823 3975 descende-

552 4017 700 4080 »bat
740 4020 804 4079 in
848 4028 1017 4082 terra
1058 4021 1158 4083 Ali
1186 4022 1267 4107 r),
1329 4022 1445 4084 sed
1486 4022 1573 4083 ibi
1623 4029 1870 4082 mortuo
1917 4018 2126 4084 ’Amro
2176 4016 2645 4108 dissipabantur
2686 4028 2822 4111 ejus

648 4221 693 4292 r)
731 4221 855 4290 Vgl.
895 4222 1035 4275 oben
1072 4222 1128 4277 S.
1164 4224 1250 4277 70.
1322 4221 1460 4277 Dass
1500 4223 1632 4274 ’Ace
1668 4223 1762 4277 das
1782 4183 2022 4295 'richtige
2070 4229 2173 4294 sei,
2225 4229 2294 4281 ist
2337 4226 2439 4280 mir
2484 4226 2615 4296 jetzt
2661 4227 2810 4282 nicht

544 4309 695 4364 mehr
730 4310 1073 4375 zweifelhast‚
1111 4313 1368 4366 nachdem
1408 4312 1495 4366 ich
1536 4312 1638 4366 den
1667 4311 1955 4367 Ausdruck
1991 4302 2119 4368 &a
2152 4302 2287 4398 σε)
2320 4313 2375 4365 in
2412 4314 2533 4366 dem
2568 4331 2807 4383 geogra-

542 4400 801 4472 phischen
837 4399 1038 4454 Werke
1074 4402 1166 4456 des
1205 4404 1336 4454 Aba
1373 4403 1556 4453 obem
1592 4402 1864 4469 el-Bekn',
1901 4401 2164 4457 Leidener
2191 4402 2546 4458 Handschrist
2580 4402 2674 4458 Nr.
2699 4406 2805 4458 421

542 4493 739 4562 (1709),
777 4490 1060 4547 mehrmals
1095 4494 1309 4563 gelesen
1347 4494 1501 4549 habe.
