2981 5125
998 337 1130 386 ··-
1256 328 1349 403 71
1412 387 1417 393 .
1477 374 1614 422 -‚

158 534 397 597 »quam
442 523 588 579 tunc
624 517 1001 580 obtinebant
1041 517 1622 594 Dschorhamidae,
1679 517 1873 579 iidem
1901 496 2170 598 ‘quoque
2213 531 2434 577 sacrae

156 629 434 691 »domus
482 636 823 692 curatores·
918 631 1155 693 Stativa
1200 632 1523 712 ponebant
1562 631 1627 693 iu
1670 632 1872 694 Bathu
1916 632 2084 694 Marr
2131 637 2193 691 et
2225 646 2434 710 ,roga-

155 741 358 804 »bant
401 742 973 819 DschorhamidaS,
1015 743 1251 806 vellent
1291 745 1412 807 sibi
1458 745 1750 806 manendi
1798 740 2041 806 veniam
2089 745 2274 817 dare,
2317 724 2438 804 sed

153 856 753 920 »Dschorhamidae
797 836 984 919 armis
1031 877 1142 920 eos
1189 857 1441 940 exigere
1484 858 1841 934 tentabant3
1885 856 2130 920 averum
2173 854 2432 917 Azditae

152 968 566 1056 »superiores
611 970 758 1034 facti
803 991 917 1034 eos
960 973 1173 1035 Mecca
1220 971 1554 1054 exigebant
1597 979 1660 1032 et
1687 969 2012 1033 Choza'itis
2047 966 2255 1050 (tribui
2289 966 2432 1028 cui-

149 1082 352 1144 »dam
394 1081 567 1168 suae)
625 1072 1082 1164 praefecturam
1142 1095 1204 1150 et
1256 1104 1469 1148 curam
1528 1103 1749 1148 sacrae
1803 1084 2026 1147 domus
2082 1079 2432 1144 tradebant.

149 1198 293 1258 »Ex
357 1216 435 1261 eo
498 1206 785 1279 tempore
846 1208 1172 1281 gesserunt
1231 1220 1369 1285 eam
1426 1198 1782 1262 Chozzl’itae
1838 1197 2003 1261 serie
2053 1214 2183 1257 non
2227 1194 2431 1255 inter-

146 1319 415 1393 nupta,
480 1321 927 1395 contractaque
971 1332 1196 1396 magna
1238 1314 1523 1396 potentia
1565 1288 1788 1397 graves
1836 1329 1975 1374 esse
2017 1310 2430 1390 imperatores

146 1424 610 1506 »incipiebant,
668 1425 832 1489 adeo
881 1434 947 1489 ut
986 1427 1334 1491 insolenter
1373 1429 1567 1491 multa
1613 1434 1676 1490 et
1717 1426 1985 1490 sceleste
2028 1429 2317 1508 gererent
2368 1426 2430 1482 et

145 1539 669 1603 »introducerent
710 1541 775 1601 in
820 1559 1064 1603 sacram
1108 1542 1330 1605 aedem
1374 1541 1587 1618 idola,
1642 1539 1847 1603 donec
1895 1539 2192 1622 Kosaijus
2244 1537 2428 1624 Mec-

143 1671 333 1715 »cam
377 1654 788 1725 contenderet
831 1663 896 1717 et
939 1674 1077 1716 cum
1122 1656 1250 1718 suis
1296 1657 1555 1719 adortus
1602 1653 1989 1732 Choza'itas,
2030 1653 2151 1715 hos
2198 1647 2426 1732 expel-

141 1765 350 1828 »leret
400 1766 635 1829 auxilio
689 1768 973 1832 Caesaris
1029 1768 1178 1852 (sive
1224 1770 1621 1854 imperatoris
1661 1768 1909 1852 Graeci)
1968 1764 2302 1838 subnixuS,
2365 1766 2427 1820 et

139 1879 313 1972 »sibi
355 1899 632 1965 suaeque
676 1884 1027 1963 posteritati
1071 1884 1417 1946 vindicaret
1456 1899 1694 1944 sacrae·
1728 1880 1903 1942 aedis
1947 1877 2424 1961 praefecturam,

130 1995 572 2074 »cogeretque
621 1997 861 2074 'passim
915 2005 1217 2059 terrarum
1276 1993 1595 2077 dispersos
1648 1993 2059 2079 Korasqhitas
2114 1990 2179 2052 in
2237 2008 2425 2051 unum

135 2105 404 2168 »locum
451 2105 557 2188 (sc.
583 2108 905 2192 Meccam),
950 2109 1115 2171 unde
1160 2129 1389 2172 nomen
1432 2104 1930 2171 Modschammi’i
1974 2101 2108 2189 (seu
2152 2119 2425 2184 congre-

137 2218 447 2303 »gatoris)
491 2220 756 2300 adeptus
808 2221 1010 2306 ests).
1104 2223 1445 2285 Manebant
1502 2200 1713 2302 itaque
1769 2219 2029 2284 Azditae
2086 2215 2250 2301 (post
2305 2234 2424 2276 ex-
2513 2252 2524 2267 -.

136 2332 408 2412 »pulsos
460 2332 1019 2420 Dschorhamidas)
1052 2335 1458 2418 aliquamdiu
1514 2336 1801 2410 Meccae;
1867 2351 2082 2395 verum
2136 2329 2420 2392 videntes

137 2445 267 2506 »ibi
319 2451 643 2528 angustam
688 2449 808 2511 sibi
844 2451 1034 2512 vitam
1078 2450 1235 2527 fore,
1282 2456 1345 2512 et
1374 2448 1502 2510 alio
1533 2449 1889 2511 movebant.
1976 2444 2114 2508 Soli
2154 2441 2417 2547 &ej-sii

139 2556 564 2623 »inchaza’at
599 2581 675 2623 se¹
709 2562 1068 2627 avellebant
1103 2573 1165 2628 et
1196 2574 1365 2628 retro
1403 2564 1742 2626 manebant
1771 2560 2127 2625 ChozA’itae
2164 2557 2420 2645 (abhoc

141 2673 353 2764 »facto
399 2674 488 2736 sic
533 2674 733 2760 dicti),
795 2678 940 2758 quia
1001 2676 1326 2761 (illustrem
1371 2676 1755 2761 dignitatem)
1819 2675 2256 2758 praefecturae
2315 2671 2418 2732 el-

140 2786 414 2849 »Ca’bae
475 2787 778 2853 nolebant
834 2790 1161 2853 dimittere.
1247 2793 1608 2855 Azditarum
1654 2798 1860 2854 autem
1907 2789 2162 2871 quidam
2204 2787 2269 2848 in
2313 2786 2418 2845 el·-

133 2901 408 2964 'nSawad
446 2901 499 2987 g)
559 2902 939 2985 migrabant,
1005 2904 1219 2990 ibique
1276 2925 1535 2986 regnum
1591 2904 2022 2976 instituerunt3
2091 2899 2259 2962 unde
2301 2898 2418 2960 fuit
2537 2915 2542 2921 ·

141 3017 646 3080 »Dschozaimah
690 3016 1083 3079 'l-Abrasch
1152 3015 1281 3101 (seu
1344 3015 1726 3099 maculosus)
1788 3015 1955 3077 filius
2016 3012 2234 3076 Maliki
2298 3010 2412 3071 filii

143 3131 401 3218 »Fabmi
436 3129 512 3216 h).
611 3126 737 3193 Alii
782 3139 1112 3193 evaserunt
1155 3132 1218 3192 in
1262 3128 1625 3206 'Omz'mam,
1690 3127 1799 3191 alii
1841 3128 1905 3190 in
1953 3126 2195 3213 Syriam
2241 3133 2303 3187 et
2344 3124 2411 3186 hi

141 3253 322 3306 »sunt
365 3264 515 3327 gens
559 3244 925 3318 Dschafnah
971 3243 1092 3329 (vel
1138 3242 1645 3329 Dschafnidae).«

312 3352 640 3420 »Dsch‘idz’
687 3357 902 3443 (modo
949 3355 1496 3441 commemoratus)
1539 3332 1707 3419 filius
1754 3356 2001 3432 Sinani,
2044 3355 2098 3417 is
2145 3354 2250 3436 qui
2296 3374 2409 3415 re-

140 3493 321 3555 »gem
369 3473 679 3535 Samalam
728 3467 1103 3549 occiderat,
1143 3473 1330 3535 etiam
1372 3472 1435 3534 iu
1481 3473 1727 3555 Syriam
1774 3472 2115 3547 evadebat,
2172 3470 2238 3531 iu
2284 3486 2408 3550 qua

141 3571 325 3648 »tunc
382 3588 687 3670 regnabat
742 3583 945 3648 Salihg
1020 3588 1139 3648 Hic
1183 3606 1294 3648 rex
1338 3587 1510 3648 Sallh
1552 3606 1669 3667 per
1710 3588 1946 3649 litteras
1992 3584 2070 3646 ab
2114 3584 2406 3664 Impera-

141 3706 314 3763 »tore
362 3701 604 3764 Graeco
650 3702 893 3763 veniam
938 3701 1209 3783 rogabat
1251 3699 1509 3761 advenis
1557 3707 1789 3761 certam
1834 3700 2050 3762 sedem
2102 3698 2166 3759 in
2213 3696 2406 3757 terri-

142 3814 341 3875 »torio
385 3833 501 3875 suo
545 3815 952 3892 concedendi,
999 3834 1186 3898 quam
1224 3814 1551 3902 obtinebat
1583 3834 1836 3896 quoque
1870 3813 1985 3874 sub
2022 3810 2204 3872 certis
2238 3825 2402 3868 con-

144 3926 519 3989 »ditionibus
579 3925 812 4012 (tributi
871 3929 1210 4015 solvendi),
1278 3929 1449 4012 quod
1509 3949 1698 4010 quum
1762 3923 2103 4008 aliquando
2164 3920 2403 3984 veniret

143 4040 554 4104 »collecturus
599 4060 791 4123 agens
835 4039 951 4123 (vel
999 4052 1284 4121 curator,
1343 4051 1452 4106 aut
1497 4040 1815 4126 quaestor)
1873 4034 2282 4119 Imperatoris
2341 4040 2402 4095 et

238 4209 291 4280 s)
331 4209 533 4263 Verum
570 4208 702 4264 haec
739 4219 861 4265 sunt
896 4211 1209 4282 posterioris
1246 4211 1519 4282 temporiS.

237 4307 290 4378 g)
324 4286 381 4361 iii
419 4315 498 4362 est
531 4316 755 4362 tractum
795 4310 848 4363 in
885 4327 991 4380 quo
1033 4318 1214 4380 postea
1253 4310 1635 4364 celeberrimae
1674 4310 1833 4369 urbes
1875 4304 2169 4362 el-Cul'ah
2218 4311 2270 4358 et
2308 4300 2398 4358 cl-

137 4403 337 4463 ‘Basrah
377 4410 706 4463 exstiterunt.

232 4508 287 4578 h)
323 4506 479 4563 Haec
515 4526 616 4565 vox
658 4507 832 4563 codici
866 4507 1116 4570 Leidensi
1153 4507 1315 4565 deest.
