2981 5125
1046 313 1603 388 -225-

196 503 399 582 »fum',
441 501 634 566 filium
679 502 903 579 Badri,
946 500 1061 565 filii
1106 503 1309 579 Amri,
1352 501 1460 564 filii
1509 501 1997 578 Abi’l-Hosn'a'i,
2044 503 2376 566 oriundum
2423 523 2460 566 a

194 616 432 694 n’Adio,
474 616 610 678 filio
655 615 953 677 Fazarah.
990 651 1069 661 —
1119 616 1325 691 Quum
1374 616 1601 678 deinde
1645 614 2067 699 intelligerent
2110 618 2463 701 Dzobjani-

192 739 354 807 ntae,
400 738 694 812 quantam
738 728 1014 791 ’Absitae
1059 729 1302 792 cladem
1348 750 1477 792 uon
1522 738 1763 793 tautum
1810 732 1976 813 genti
2007 732 2303 807 FazArae,
2349 731 2461 793 filii

190 843 563 927 »Dzobjani,
606 843 720 904 sed
760 842 949 904 etiam
984 862 1202 905 eorum
1237 843 1603 920 foederatis,
1648 846 1815 927 genti
1844 845 2114 918 Morrae,
2160 835 2273 904 filii
2301 844 2462 918 Aufi,

189 955 344 1018 »filii
389 956 613 1032 Sa’idi,
667 955 783 1017 filii
826 955 1170 1039 Dzobja'ui,
1228 955 1611 1033 intulissent,
1668 958 2117 1039 conspirabant
2161 958 2462 1021 adversus

189 1073 480 1134 »Absitas
526 1080 590 1134 et
632 1071 1094 1134 conveniebant
1133 1071 1199 1131 iu

362 1194 562 1248 »lum
608 1192 850 1258 Bosa,
904 1201 1069 1266 quae
1110 1191 1208 1247 est
1247 1183 1431 1247 vallis
1476 1185 1771 1267 glareosa
1814 1184 1879 1245 in
1925 1193 2093 1246 terra
2134 1183 2463 1249 ’s-Scha-

188 1299 452 1361 »rabah.
524 1301 729 1362 ‘Retro
774 1298 987 1381 itaque
1030 1298 1256 1381 pedem
1298 1299 1641 1361 movebant
1668 1298 1946 1374 Absitae‚
1989 1307 2277 1361 verentes
2316 1306 2463 1360 tau-

188 1414 310 1475 »tis
354 1413 554 1494 copiis
600 1433 728 1475 non
772 1432 966 1493 posse
1011 1412 1325 1474 resistere.
1413 1413 1541 1473 Sed
1585 1411 2006 1494 Dzobjanitae
2063 1431 2175 1473 eos
2233 1432 2463 1493 perse-

187 1525 355 1588 »cuti
393 1527 912 1607 assequebantur,
957 1528 1385 1611 urgebantque
1431 1537 1539 1590 aut
1577 1526 1794 1604 totale,
1840 1526 2271 1608 cujuscunque
2302 1546 2465 1609 geu-

187 1638 308 1700 »tis
339 1639 537 1702 fatum
569 1639 774 1717 vellet,
819 1642 1152 1716 excidium,
1198 1649 1306 1703 aut
1349 1642 1651 1705 talionem
1698 1649 1760 1704 et
1785 1640 2278 1703 satisfactionem
2315 1640 2463 1721 ple-

188 1753 490 1815 »nariam.
575 1754 644 1815 In
688 1754 787 1816 his
831 1754 1134 1837 angustiis
1180 1755 1590 1817 dissuadebat
1620 1756 1772 1817 Kais
1817 1754 2149 1817 er-Rabi’o
2190 1755 2313 1815 vim
2348 1774 2463 1817 ar-

186 1886 475 1928 »morum
505 1867 831 1944 adhibere,
874 1869 987 1930 sed
1018 1870 1223 1950 potius
1260 1890 1495 1951 pueros
1538 1869 1780 1950 aliquot
1811 1888 1964 1931 suos
2004 1866 2261 1929 obsides
2293 1867 2464 1943 dare,

188 1978 437 2040 »donec
476 1979 892 2058 decreverint,
931 1982 1079 2063 quid
1129 2000 1318 2063 agere
1363 1982 1573 2058 velint,
1616 1990 1725 2044 aut
1767 2002 1893 2061 quo
1939 1981 2195 2043 fortuna
2237 1980 2318 2042 sit
2358 1982 2466 2042 in-

189 2091 560 2154 »clinatura.
644 2094 711 2154 In
756 2095 822 2157 id
868 2115 1019 2177 ergo
1066 2096 1528 2158 conveniebant
1567 2096 1792 2156 ambae
1827 2105 2061 2176 partes,
2108 2104 2175 2158 ut
2207 2096 2464 2159 obsides

185 2205 398 2285 »apud
439 2204 758 2283 Sami’um‚
800 2208 999 2270 filium
1041 2208 1252 2285 'Amri,
1298 2210 1786 2289 deponerentur,
1828 2229 2020 2271 unum
2066 2209 2336 2290 aliquem
2384 2210 2466 2271 de

184 2328 413 2399 »gente
458 2318 839 2398 Tha'labah,
883 2321 999 2384 filii
1046 2323 1250 2399 Sa’di,
1292 2322 1409 2384 filii
1450 2322 1779 2404 Dzobjaui.
1878 2324 2038 2386 Huic
2085 2324 2468 2386 exhibebant

185 2434 484 2495 »Absitae
542 2443 691 2496 octo
751 2456 1006 2498 suorum
1066 2438 1390 2499 infantum.
1504 2437 1608 2499 Sic
1665 2436 2078 2500 discedebant
2130 2448 2342 2520 partes
2404 2449 2468 2503 et

184 2548 629 2612 »abstinebant
674 2569 711 2612 a
758 2551 985 2614 mutuis
1033 2551 1352 2625 cladibuS‚
1396 2552 1697 2634 quamdiu
1744 2553 2007 2618 Sami’us
2049 2554 2319 2617 vivebat.
2403 2556 2462 2618 Is

184 2673 436 2727 »autem
481 2665 612 2727 fato
659 2687 774 2728 suo
823 2665 1210 2746 propinquus
1254 2666 1342 2726 ita
1382 2665 1583 2726 filium
1618 2686 1799 2727 suum
1826 2667 2120 2729 Malicum
2159 2667 2465 2750 alloque-

183 2781 442 2841 »haturt
509 2781 593 2842 Mi
639 2780 763 2842 fili!
810 2786 985 2840 tenes
1029 2778 1135 2839 hic
1180 2778 1396 2839 nobile
1442 2779 1705 2859 aliquod
1752 2788 1813 2840 et
1856 2781 2202 2860 pretiosum
2250 2780 2463 2860 depo-

183 2894 447 2969 »situm‚
517 2895 689 2975 quod
745 2892 859 2956 tibi
916 2892 1180 2975 gloriam
1240 2892 1525 2973 acquiret
1569 2892 2019 2966 immortalem,
2079 2891 2135 2952 si
2182 2900 2352 2953 recte
2395 2891 2462 2951 id

183 3025 557 3069 »asservare
603 3009 888 3082 noveriS‚
944 3006 1066 3068 hos
1108 3005 1399 3088 intelligo·
1434 3005 1827 3088 juvenculos.
1928 3006 2063 3086 Ego
2108 3023 2261 3065 vero
2308 3004 2462 3065 mihi

184 3119 407 3199 »quasi
460 3121 592 3202 jam
646 3140 858 3182 coram
909 3123 1109 3184 oculis
1156 3140 1414 3185 cernere
1458 3119 1681 3181 videor
1723 3117 2133 3192 Hodzaifam,
2191 3117 2463 3178 venien-

184 3240 351 3294 »tem
398 3233 480 3294 ad
526 3240 618 3308 te,
672 3256 773 3297 me
817 3237 1104 3313 sublatn,
1163 3234 1502 3320 digitisque
1545 3252 1696 3295 suos
1743 3231 1968 3294 oculos
2016 3239 2462 3312 extergentem,

184 3345 532 3427 »fictasque
578 3347 940 3411 fundentem
988 3351 1320 3435 lacrymas,
1364 3348 1724 3409 adulantem
1772 3346 1880 3408 tibi
1916 3345 2204 3427 spatioso
2238 3345 2460 3429 Sajjidi

185 3460 489 3544 »(domini
535 3468 597 3522 et
641 3460 837 3546 ducis)
883 3462 1092 3538 titulo,
1137 3472 1246 3525 aut
1285 3463 1497 3545 potius
1542 3461 2003 3542 imponentem,
2049 3469 2113 3521 et
2154 3458 2253 3521 his
2298 3459 2459 3522 arti-

184 3573 387 3636 »ficiis
434 3575 547 3637 tibi
591 3595 826 3658 pueros
872 3582 1388 3657 extorquentem‚
1434 3596 1596 3658 quos
1639 3575 1748 3636 ille
1790 3573 2077 3655 protinus
2123 3574 2201 3635 ad
2248 3572 2461 3634 lanie-

183 3707 373 3750 »nam
419 3689 643 3770 rapiet.
728 3691 807 3752 Et
850 3708 1003 3751 sane
1045 3709 1172 3750 nou
1215 3690 1445 3752 malum
1481 3709 1780 3771 augurem
1810 3688 2007 3749 fuisse
2035 3686 2208 3748 illum
2241 3706 2458 3748 senem

185 3805 690 3884 »comprobabat
720 3810 997 3866 eventuS.
1084 3804 1435 3866 Hodzait'ah
1473 3805 1638 3866 enim
1671 3810 1797 3864 tam
1834 3801 1941 3861 diu
1974 3801 2212 3874 obibat,
2257 3818 2458 3880 pren-

187 3917 538 3999 »sabatque
581 3917 911 3992 Malicum,
975 3917 1179 3979 donec
1223 3918 1333 3979 ille
1374 3917 1497 3999 ipsi
1542 3935 1773 3998 pueros
1819 3916 2127 3989 traderet,
2188 3935 2458 3996 quorum

188 4029 513 4112 »singulos
563 4030 825 4112 singulis
872 4031 1096 4092 diebus
1142 4031 1535 4113 producebat
1576 4031 1640 4091 iu
1688 4028 2197 4113 el-Ja’marijah,
2244 4030 2458 4111 erige-

188 4143 463 4223 »batque
512 4152 737 4205 metam
785 4143 1099 4228 (sagittis),
1165 4145 1438 4207 clamare
1496 4164 1674 4206 suum
1731 4146 1973 4226 p'atrem
2013 4142 2312 4226 jubebat,
2373 4141 2460 4226 (et

188 4264 356 4317 »tam
392 4255 498 4317 diu
538 4260 873 4338 torquebat
905 4260 1132 4321 misere
1166 4256 1549 4341 clamanteS‚)
1596 4257 1802 4319 donec
1838 4266 2248 4319 morerentur.
2335 4256 2456 4319 Alii

190 4388 374 4430 »eum
419 4368 632 4431 dicunt
675 4372 1042 4434 verberibus
1089 4372 1170 4434 ad
1215 4380 1480 4434 mortem
1525 4392 1758 4454 pueros
1803 4372 2117 4456 adegisse.

364 4484 556 4546 »Inde
600 4484 716 4547 fuit
758 4494 916 4551 «lies
959 4490 1529 4564 el-Ja'mnrijun.
1616 4487 1874 4550 Absitae
1920 4489 2085 4549 euim
2129 4485 2456 4548 audientes

2229 4660 2374 4756 >f
