2981 5125
170 1115 606 1192 PRIMAE
697 1113 1097 1189 LINEAE
1179 1111 1783 1188 HISTORIAE
1868 1110 2466 1187 REGNORUM

169 1243 906 1320 ARABICORUM
988 1246 1133 1317 ET
1222 1245 1605 1319 RERUM
1692 1241 1837 1315 AB
1928 1238 2469 1314 ARABIBUS

173 1375 539 1452 MEDIO
568 1376 904 1449 INTER
931 1375 1494 1450 CHRISTUM
1513 1376 1657 1447 ET
1680 1369 2471 1449 MUHAMMEDEM

583 1543 591 1551 ·
721 1504 1244 1579 TEMPORE
1303 1501 1916 1578 GESTARUM.

1012 1767 1243 1820 CAPUT
1320 1754 1638 1821 ΡίυΜυΜ.

179 1889 311 1954 DE
383 1844 682 1954 nanus
751 1886 1039 1952 REGNI
1105 1886 1672 1964 ’L-nmENsls
1737 1886 1859 1951 ET
1922 1881 2312 1948 ARABUM
2379 1880 2472 1944 IN
2531 1866 2536 1869 ’
2622 1938 2630 1947 .

1076 2000 1588 2066 Ει-ἸΒΑΒΟ.
1909 2015 1919 2025 ·

365 2176 766 2236 Vetustorum
808 2174 1087 2235 Arabum
1132 2176 1194 2234 in
1240 2175 1517 2236 obscuro
1557 2176 1729 2258 jacet
1768 2172 2034 2235 historia
2074 2190 2200 2231 non
2239 2178 2472 2248 tantum

184 2288 735 2352 Kahthanidarum
791 2287 912 2371 (vel
955 2287 1509 2363 Joktbanidarum,
1571 2295 1680 2348 aut
1719 2286 2224 2368 Homeridarum)
2272 2294 2332 2347 et
2374 2285 2474 2345 Is-

188 2402 617 2477 maelitarum‚
668 2400 775 2482 qui
818 2410 1102 2483 tempore
1145 2402 1378 2478 MosiS,
1422 2401 1741 2475 Judicum,
1790 2402 2025 2484 Regum
2072 2400 2473 2473 Judaeorum,
2588 2391 2613 2466 ,’

187 2519 522 2579 Persarum
566 2513 845 2597 priorum
909 2523 972 2578 et
1031 2514 1137 2578 ita·
1177 2535 1372 2597 porro
1422 2515 1750 2589 vixerunt,
1817 2534 1934 2579 nec
1994 2534 2121 2577 non
2179 2512 2471 2596 gentium,

193 2648 359 2710 quae
400 2628 715 2690 Arabibus
760 2627 1083 2691 accenseri
1128 2628 1385 2711 aliquali
1430 2629 1626 2691 modo
1672 2637 1971 2710 possunt,
2026 2639 2094 2692 ut
2132 2628 2473 2700 Aditarum,

193 2739 727 2815 Themuditarum‚
773 2743 1282 2819 Amalekitarum,
1326 2743 1840 2830 Ammonitarum,
1883 2741 2323 2815 Moabitarum,
2368 2740 2474 2820 qui

197 2875 322 2917 uno
351 2837 876 2916 'Nabathaeorum
922 2855 1175 2918 nomine
1219 2876 1440 2919 omnes
1485 2857 1769 2919 veniunt:
1827 2855 1939 2917 sed
1987 2855 2172 2916 etiam
2221 2853 2474 2915 illorum

195 2968 463 3031 historia
505 2968 831 3051 ignoratur
872 2970 1148 3031 Arabum
1187 2972 1458 3031 maxima
1508 2990 1586 3031 ex
1627 2976 1837 3049 parte,
1901 2967 2006 3047 qui
2056 2966 2172 3027 sub
2219 2964 2473 3026 Graecis

196 3084 471 3165 regibuS,
513 3081 914 3146 Romanis·.et
953 3083 1155 3145 Persis
1201 3083 1659 3165 posterioribus
1693 3080 2076 3144 exstiterunt.
2164 3078 2257 3137 De
2288 3075 2473 3138 Kab—

198 3197 478 3270 thanidis
525 3195 645 3280 (vel
687 3169 1067 3271 Homeridis,
1105 3204 1212 3259 aut
1252 3196 1616 3281 Himjaritis,
1663 3203 1771 3257 aut
1801 3191 2073 3255 Arabiae
2119 3188 2321 3251 felicis
2367 3190 2472 3249 in-

201 3310 359 3373 colis
397 3311 731 3394 Arabibus)
776 3310 910 3379 fere
953 3310 1108 3373 nibil
1148 3311 1266 3373 nisi
1313 3331 1484 3374 mere
1531 3309 1891 3372 fabulosum
1936 3305 2281 3388 reperimus
2322 3303 2474 3365 lite-

201 3426 286 3487 ris
332 3425 782 3507 consignatum.
879 3425 1033 3500 Quis
1094 3427 1258 3489 enim
1320 3445 1449 3487 non
1506 3424 1942 3507 deprehendat
1992 3420 2304 3495 fabulam,
2370 3417 2475 3499 qui

202 3540 390 3622 legat,
444 3539 612 3602 hunc
654 3537 758 3602 vel
801 3536 977 3599 illum
1021 3531 1235 3621 regem
1278 3539 1711 3601 Homairidam
1756 3542 2105 3610 sexcentOS,
2158 3533 2326 3595 mille
2372 3539 2478 3592 aut

208 3651 368 3715 ultra
430 3671 630 3722 annos
689 3652 753 3713 in
811 3650 1080 3732 imperio
1138 3653 1441 3734 exegisse.
1528 3652 1653 3733 Ipsi
1697 3652 2034 3731 scriptores
2076 3646 2326 3709 Arabici
2370 3643 2475 3705 sa-

206 3774 411 3829 tentur
459 3766 624 3829 hanc
678 3765 986 3828 historiae
1039 3786 1190 3829 suae
1244 3774 1487 3849 partem
1533 3764 1793 3829 infirmis
1836 3773 2005 3826 stare
2052 3760 2213 3823 talis.
2321 3759 2477 3848 Ego,

208 3880 261 3942 si
304 3881 453 3963 quid
496 3881 561 3942 in
603 3880 703 3943 his
749 3881 878 3942 veri
921 3881 1184 3964 sanique
1230 3893 1358 3958 est,
1411 3887 1565 3962 puto
1618 3899 1702 3941 eo.
1746 3876 1993 3940 dicendi
2037 3874 2232 3935 modo
2279 3892 2317 3934 a
2360 3891 2473 3934 ve-

206 3996 440 4058 teribus
484 3996 714 4058 tradito
764 3993 1047 4073 indicari,
1089 4016 1218 4058 non
1265 3995 1434 4077 quod
1479 4014 1639 4057 unus
1683 3990 1906 4072 aliquis
1948 3990 2145 4052 homo
2192 3987 2478 4070 peculia-

206 4110 291 4173 ris
336 4117 433 4172 tot
474 4110 689 4172 secula
736 4109 1007 4172 vivendo
1063 4112 1519 4194 reg-nandoque
1570 4106 1953 4187 impleverit,
2015 4103 2129 4167 sed
2180 4101 2354 4183 quod
2397 4101 2477 4161 ab

211 4241 287 4284 eo
333 4230 686 4305 propagata
735 4220 799 4285 et
841 4223 1161 4305 appellata
1217 4223 1457 4286 familia
1512 4232 1638 4285 tam
1684 4220 1791 4282 diu
1839 4218 2209 4292 obtinuerit,
2273 4217 2479 4276 donec

210 4338 289 4399 ab
339 4338 462 4399 alia
510 4345 812 4419 sequente
861 4338 1310 4400 extruderetur.
1399 4338 1524 4400 Sed
1570 4335 1741 4418 quod
1787 4343 1914 4397 tam
1958 4350 2176 4414 parum
2224 4327 2372 4390 certi
2418 4333 2480 4428 et

213 4450 552 4512 constantis
599 4449 985 4534 reperiamus
1032 4452 1110 4512 de
1153 4452 1539 4513 Homairidis
1587 4450 1911 4522 traditum,
1956 4446 2119 4506 hanc
2166 4459 2283 4521 ego
2330 4436 2476 4518 qui-

1868 4568 1897 4624 l
1931 4622 1937 4634 f
