2981 5125
985 346 1541 420 -249—

113 537 303 601 mina
350 535 447 600 bis
491 538 566 600 in
607 532 735 598 alen
791 533 927 597 Tod
970 532 1361 615 beschittzte,
1403 532 1501 597 bis
1527 533 1616 598 ἐν
1658 535 1803 599 dem
1835 534 2206 601 Nobeiselaa
2241 562 2381 602 un-

115 647 358 739 terlaq.
441 648 720 713 Hassdn
762 648 912 714 Ben
962 647 1200 712 Thabit
1239 657 1418 735 saqtz

207 762 280 826 V
275 760 710 847 ortrqffliclier
737 760 1104 849 magliam
1147 760 1293 825 dem
1331 762 1707 827 Nobeisclia
1746 763 1852 829 die
1894 766 2099 830 Beate
2140 767 2382 830 entriss

199 876 335 941 Am
375 877 566 964 ‘Taya
607 875 962 957 eI-Ifadid,
1006 873 1384 942 'Nobeischa
1426 875 1577 940 Ben
1618 875 1864 941 Habrb.

296 1109 515 1167 »Dies
568 1109 924 1179 Nitamur,
992 1124 1118 1187 quo
1186 1124 1368 1167 versa
1434 1105 1569 1169 vice
1631 1106 1965 1169 Kinanitae
2026 1109 2384 1175 Solaimitas

120 1218 536 1282 »caedebant.
633 1220 790 1282 Nam
842 1220 1171 1302 interjecto
1219 1226 1505 1302 tempore
1546 1229 1697 1300 post
1737 1220 2075 1285 invadebat
2115 1225 2385 1289 Kinani-

118 1340 256 1396 »tas
300 1332 368 1395 in
410 1352 658 1416 genere,
706 1340 769 1396 et
811 1333 873 1394 in
904 1332 1116 1414 specie
1147 1331 1468 1408 Firasitas,
1513 1333 1603 1395 sic
1635 1334 1837 1397 dictus
1865 1337 1997 1398 Dzu
2023 1335 2385 1401 ’t-Tadschi

117 1441 218 1530 »(6
265 1447 394 1515 τοῦ
435 1441 872 1532 διαδήματος)
915 1446 1130 1523 Malik,
1172 1446 1338 1509 filius
1382 1445 1649 1524 Chalidi,
1694 1447 1807 1510 filii
1855 1450 2093 1529 Sachri,
2136 1450 2251 1514 filii
2291 1453 2385 1516 ’s-

119 1560 488 1637 »Scharidi,
556 1560 661 1642 qui
712 1560 978 1623 Scharid
1032 1559 1193 1622 alias
1235 1562 1499 1644 proprio
1546 1559 1801 1625 nomine
1842 1565 1992 1627 Amr
2035 1575 2296 1629 vocatur
2318 1568 2385 1651 r),

119 1676 297 1735 »Dzu
323 1673 685 1737 ’t-Tadschi
730 1684 957 1752 autem,
1001 1675 1116 1737 sivi
1164 1675 1520 1760 corouiger,
1566 1675 2009 1758 appellabatur
2040 1678 2146 1742 ille
2176 1681 2385 1758 Malik,

119 1787 313 1868 »quia
376 1786 742 1850 Solaimitae
805 1788 953 1871 ipsi.
991 1789 1284 1851 diadema
1347 1789 1808 1872 imposuerant,
1882 1812 2149 1874 eumque
2207 1815 2385 1858 suum

117 1896 441 1961 »Emit-um
489 1900 982 1965 declaraveram.
1080 1905 1231 1965 Ra‘i‘s
1290 1909 1531 1977 autem,
1592 1902 1722 1963 sive
1783 1903 1907 1966 dux
1963 1908 2387 1985 Firasitarum‚

118 2013 272 2094 »qui
318 2020 445 2075 tum
486 2021 622 2076 erat
648 2014 989 2092 Abdollah,
1032 2014 1200 2077 filius
1231 2014 1598 2090 Dsehadali,
1641 2018 2033 2097 provocabat
2059 2019 2121 2079 in
2153 2040 2389 2084 mono-

118 2126 496 2189 »machiam
583 2126 694 2188 Cui
741 2127 1096 2190 contrarius
1139 2128 1439 2209 prodibat
1478 2128 1676 2205 Hind,
1728 2127 1895 2190 filius
1942 2130 2218 2208 Chalidi,
2274 2133 2389 2195 filii

118 2240 405 2317 »Sachri,
446 2240 567 2304 filii
597 2239 1005 2319 's-Scbaridi‚
1049 2261 1253 2324 quem,
1299 2240 1434 2323 quis
1478 2241 1577 2317 sit,
1624 2249 1690 2303 ut
1726 2237 2224 2326 interrogaverat
2250 2248 2390 2308 Ab-

119 2355 386 2418 »dollah
432 2363 496 2418 et
535 2355 702 2418 Hind
748 2375 891 2418 esse
935 2362 1350 2438 cognoverat,
1395 2353 1760 2436 ablegabat,
1804 2356 2057 2419 fratrem
2103 2360 2238 2442 ejus
2284 2360 2391 2422 di-

119 2488 325 2532 »eens‘
358 2469 673 2533 seniorem
724 2487 865 2531 esse
891 2467 955 2553 s).
1042 2472 1453 2532 Retroversus
1483 2468 1653 2532 Hind
1692 2469 1870 2531 fratri
1915 2470 2142 2533 dictum
2188 2471 2388 2535 hostis

119 2582 379 2659 »refert‚
425 2591 488 2646 et
527 2583 724 2645 Malik
765 2584 902 2665 ipse
948 2585 1179 2665 prodit,
1224 2604 1410 2666 quem
1454 2582 1630 2667 gravi
1675 2583 1935 2646 adortus
1978 2585 2213 2667 impetu
2250 2589 2390 2649 Ab-

118 2695 382 2759 »dollah
423 2696 882 2778 prosternebat.
971 2698 1220 2760 Ulturus
1279 2696 1489 2758 fratris
1552 2697 1814 2758 caedem
1868 2699 2169 2779 prodibat
2212 2700 2388 2775 Corz,

120 2809 278 2873 »sed
324 2814 387 2871 et
425 2808 497 2869 is.
526 2807 607 2869 ab
654 2808 875 2870 eadem
921 2826 1109 2870 manu
1146 2818 1411 2871 mortem
1447 2809 1824 2872 inveniebat.
1910 2811 2189 2874 Tandem
2222 2817 2389 2889 Amr,

124 2923 384 2987 »tertius
416 2922 630 2997 frater,
676 2940 894 2999 manus
939 2921 1283 3002 hastasque
1330 2942 1469 2985 cum
1496 2920 1818 2985 Abdollab
1852 2923 2236 3000 conferebat,
2284 2922 2405 3006 qui'

125 3046 235 3101 »ut
278 3037 465 3099 ictum
513 3043 845 3116 acceperat
889 3042 949 3097 et
992 3034 1319 3111 intulerat,
1384 3043 1556 3097 retro
1602 3055 1672 3097 se
1716 3035 1982 3118 quisque
2026 3037 2389 3120 recipiebat,

125 3160 228 3215 »et
272 3151 364 3214 si'e
403 3149 673 3213 finiebat
711 3158 897 3231 atque
943 3149 1358 3212 cohibebatur
1399 3156 1550 3211 tune
1594 3152 1822 3230 pugn'a.

301 3264 493 3325 »Inde
537 3263 655 3325 fuit
694 3272 905 3326 Jaum
946 3267 1235 3337 [afli-'⁸9
1296 3262 1603 3345 benignus
1648 3262 2029 3339 Soiaimifis,
2090 3265 2389 3329 adversus

128 3379 494 3441 »Kinanitis.
592 3379 749 3439 Nam
796 3377 1207 3440 Scbarididae
1254 3377 1488 3440 tamdiu
1535 3376 1656 3439 sibi
1700 3376 2114 3440 foeminarum
2160 3377 2220 3441 et
2265 3401 2391 3442 un·-

58 3554 61 3555 7
88 3578 94 3586 Χ
130 3500 539 3576 »guentorum
583 3512 762 3555 usum
795 3472 1190 3554 sacramento
1222 3490 1684 3553 interdicebant
1714 3490 1856 3572 ipsi,
1901 3493 2201 3573 quamdiu
2234 3513 2388 3554 cae-

96 3588 384 3695 NnNsorum
442 3605 701 3668 fratrum
758 3625 974 3668 manes
1019 3605 1323 3689 sanguine
1364 3603 1798 3665 Kinanitarum
1844 3624 1969 3665 non
2017 3605 2388 3686 expiassent.
2458 3632 2462 3637 ·

129 3726 316 3785 »Amr
358 3721 600 3802 itaque,
642 3719 1125 3796 filiuschalidi,
1168 3717 1284 3781 filii
1328 3715 1583 3793 Sachri,
1630 3735 1770 3778 cum
1814 3728 1997 3798 gente
2042 3738 2155 3781 sua
2201 3721 2388 3781 Fira-

130 3837 318 3897 »sitas
363 3833 704 3895 invadebat
749 3842 811 3895 et
851 3833 1023 3895 haud
1066 3851 1306 3916 paucos
1351 3851 1569 3894 eorum
1613 3830 1914 3923 necabat,
1967 3839 2033 3893 ut
2074 3830 2388 3914 'Asimum,
2487 3832 2502 3845 ⁶

130 3950 362 4025 »filium
409 3948 793 4024 el-Mo’aua‚z
827 3960 888 4009 et
933 3946 1302 4022 Nadhalam,
1358 3953 1420 4008 et
1465 3942 1957 4019 el-Mo'arikum,
2013 3951 2074 4005 et
2115 3948 2387 4023 Amrum,

130 4065 365 4126 »filium
399 4063 633 4137 Maliki,
680 4072 742 4125 et
776 4065 1115 4135 Hasanum‚
1159 4062 1353 4124 filium
1392 4058 1619 4123 Sarihi.
1669 4059 1869 4120 ‘Inter
1914 4058 2190 4139 captivas
2237 4061 2386 4122 foe-

130 4176 686 4239 »minas-ducebat
730 4175 921 4237 filiam
966 4175 1366 4250 Mocaddimi,
1413 4194 1698 4237 sororem
1744 4170 2015 4235 Rabi'ae.
2056 4208 2141 4218 —-

233 4437 280 4507 r)
318 4434 480 4509 Atqui
520 4426 1362 4509 supraaliquoties’habebamus
1400 4433 1625 4488 Ami-um
1667 4434 1832 4487 filium
1872 4429 2232 4485 es-Scharidi.

233 4539 278 4609 s)
318 4546 369 4591 et
403 4554 583 4590 secum
622 4537 744 4592 ideo
785 4538 1041 4607 aptiorem
1083 4552 1320 4608 pugnare
1357 4544 1409 4588 et
1445 4535 1759 4604 digniorem.

1746 4635 1821 4694 17

2231 4734 2322 4785 J-
