2981 5125
993 347 1551 423 -115--

147 536 555 599 ratiocinatur
596 537 1066 620 grammaticuS,
1113 537 1302 612 Thai,
1348 557 1472 598 vox
1515 538 1852 611 Hamzata,
1907 536 2177 600 formata
2222 527 2335 602 fuit
2382 560 2418 602 a

146 648 311 742 Lzie>
357 651 625 727 Thawa‚
691 650 883 713 verbo
931 650 1185 739 ultimae
1228 652 1333 727 Je,
1394 652 1483 712 sic
1545 652 1730 713 etiam
1789 650 1954 711 Saba
2008 655 2210 732 potuit
2246 656 2415 738 justo

148 761 329 823 titulo
375 763 613 823 Hamza
665 762 919 840 instrui,
983 762 1265 843 quamvis
1325 782 1362 824 a
1419 799 1552 849 ὀμ,
1596 763 1762 826 Saba
1808 764 2002 826 verbo
2049 765 2307 828 ultimae
2347 771 2418 829 Je

150 873 483 937 derivetur.

317 989 558 1050 Eadem
601 1010 663 1071 p.
692 989 791 1051 22.
837 989 942 1051 lin.
974 992 1031 1051 7.
1076 989 1379 1051 debuerat
1421 1019 1529 1089 σε
1572 990 1689 1073 legi
1736 998 1796 1050 et
1842 990 2123 1050 exhiberi
2169 1011 2283 1071 pro
2324 995 2418 1087 gi!

148 1102 435 1183 quamvis
491 1123 618 1165 non
679 1103 957 1166 dubitem
1011 1102 1078 1180 35
1135 1105 1197 1163 in
1255 1103 1486 1165 Codice
1545 1102 1852 1163 Leidense
1909 1102 2102 1165 fuisse
2148 1123 2184 1165 a
2231 1105 2420 1167 Cele-

146 1214 423 1291 berrimo
469 1217 622 1280 Viro
669 1226 1003 1297 repertum.
1091 1218 1159 1278 In
1206 1224 1344 1279 cute
1390 1216 1566 1277 illum
1613 1216 1908 1277 Codicem
1954 1217 2121 1277 novi.
2219 1218 2420 1279 Octa-—

147 1349 291 1395 vum
341 1339 549 1392 tamen
592 1331 759 1392 hunc
805 1332 936 1414 ejus
981 1331 1203 1393 librum
1264 1350 1466 1410 neque
1530 1329 1863 1409 descripsi,
1925 1350 2127 1411 neque
2184 1332 2420 1393 contuli

149 1461 288 1504 cum
338 1444 681 1525 impreSSO,
749 1446 896 1525 quia
955 1446 1034 1507 de
1091 1445 1220 1507 fide
1272 1444 1494 1505 summi
1542 1445 1670 1506 Viri
1717 1445 1798 1505 ad
1843 1442 2185 1505 editionem
2232 1444 2421 1504 adhi-

148 1554 281 1615 bita
328 1556 535 1618 nullus
581 1557 963 1619 dubitabam.
1051 1559 1281 1619 Sensus
1343 1565 1551 1619 autem
1609 1577 1793 1619 verus
1855 1576 1933 1618 ex
1993 1576 2068 1618 ea
2113 1558 2421 1620 emenda-

148 1667 324 1729 tione
370 1670 629 1752 emergit
670 1670 805 1746 hic,
870 1671 975 1751 qui
1031 1672 1096 1732 in
1155 1670 1422 1733 celeber.
1468 1669 1843 1731 Schultensii
1891 1672 2183 1734 versione
2228 1693 2287 1753 p.
2322 1673 2423 1734 23.

144 1782 185 1843 l.
228 1782 297 1857 9.
342 1784 547 1846 nullus
595 1792 705 1846 est.
808 1787 962 1848 Nam
1007 1806 1123 1867 pro
1170 1784 1377 1850 verbis
1425 1786 1558 1867 ejus
1608 1782 1818 1845 latinis
1863 1821 1946 1831 —
2010 1782 2154 1848 Nec
2206 1777 2423 1847 tanneia

145 1896 491 1981 integrum
548 1895 880 1959 Jemanae
944 1920 1227 1983 requam
1286 1895 1718 1958 obtinuerunt
1777 1897 2018 1958 iterum
2077 1934 2157 1943 -—-
2224 1918 2423 1979 repo—

143 2011 364 2071 nenda
407 2017 549 2071 sunt
595 2010 783 2072 haec:
841 2008 984 2072 Nec
1029 2020 1250 2072 tamen
1296 2030 1524 2070 eorum
1571 2030 1850 2093 regnum
1898 2008 2083 2069 ultra
2128 2019 2192 2070 et
2233 2019 2425 2071 extra

141 2119 650 2184 el-Jemanam
716 2121 833 2205 (vel
892 2123 1186 2184 Arabiam
1244 2122 1513 2206 felicem)
1572 2143 1642 2184 se
1692 2121 2057 2207 protendit,
2119 2125 2233 2185 sed
2293 2102 2424 2207 ejus

146 2235 517 2315 provinciae
565 2234 840 2296 terminis
886 2235 1190 2297 inclusum
1238 2236 1497 2310 mansit,
1553 2234 1759 2298 donec
1795 2244 1945 2319 post
1985 2234 2247 2321 elapsas
2291 2236 2424 2298 ali-

150 2356 316 2441 quot
353 2356 599 2409 aetates
641 2346 907 2409 tandem
942 2370 1164 2411 rerum
1195 2348 1443 2433 politus
1466 2348 1616 2432 suit
1651 2345 2008 2411 ‹el-Harith
2037 2348 2419 2411 er-Rcii’sch.

149 2460 443 2543 Intelligo
490 2461 761 2540 quidem,
808 2463 955 2547 quid
1001 2462 1388 2543 imposuerit·
1415 2461 1838 2524 Celeberrimo
1886 2463 2051 2522 viro.
2137 2453 2422 2536 Primum,

152 2574 326 2656 quod
374 2595 501 2635 non
546 2575 1066 2640 animadverteret
1108 2578 1353 2640 scribae
1398 2597 1698 2654 errorem,
1744 2577 1847 2656 qui
1894 2576 2426 2655 praepositionem

154 2689 217 2765 gi
266 2685 385 2750 Ad
443 2687 608 2748 male
667 2709 783 2769 pro
845 2699 1017 2751 recta
1073 2721 1181 2791 Ua
1221 2689 1294 2752 Α
1347 2699 1668 2772 posuerat.
1767 2686 2012 2750 Deinde
2066 2689 2239 2767 quod
2292 2701 2426 2765 0⁶⁸9.

158 2841 454 2929 derivarit
497 2860 534 2902 a
579 2841 772 2903 verbo
819 2837 901 2904 ol:
945 2842 1174 2919 rediit,
1221 2844 1399 2925 quasi
1448 2845 1614 2905 soret
1659 2842 1991 2922 legendum
2035 2813 2174 2919 23:22}
2213 2840 2427 2914 rediit,

159 3018 348 3078 quum
398 2996 727 3079 legendum
775 2995 996 3058 fuisset
1038 2970 1170 3078 [λζ
1219 2996 1521 3071 transiit,
1581 3015 1618 3056 a
1673 2995 1868 3056 verbo
1928 2980 2186 3056 ultimae
2230 2996 2428 3057 Wau:

158 3133 296 3172 non
346 3109 615 3172 transiit
660 3130 887 3170 eorum
931 3132 1211 3195 regnum
1268 3108 1350 3171 ab
1398 3108 1516 3192 (vel
1562 3108 1665 3193 ex)
1709 3104 2168 3169 el-Jamana.
2262 3110 2427 3175 Sen-

159 3247 298 3302 sus,
366 3245 550 3305 quem
611 3223 783 3284 dedit
840 3223 929 3285 Cl.
984 3223 1409 3285 Schultensius
1469 3243 1607 3283 cum
1656 3229 1792 3283 toto
1842 3222 2218 3284 narrationis
2264 3242 2428 3286 nexu

159 3347 428 3421 pugnat,
491 3346 559 3398 ut
603 3335 824 3398 lectori
869 3336 1057 3398 facile
1096 3337 1435 3414 constabit,
1498 3338 1551 3397 si
1598 3334 1856 3397 ulterius
1902 3336 2171 3417 legendo
2220 3338 2431 3399 conti-

161 3473 356 3514 nuare
401 3451 569 3513 velit.

330 3567 567 3629 Locum
615 3585 676 3645 p.
712 3565 812 3627 27.
857 3564 964 3626 lin.
1003 3564 1062 3627 8.
1108 3564 1293 3626 etiam
1337 3583 1465 3624 non
1512 3571 1684 3625 recte
1738 3564 1907 3644 cepit
1950 3562 2038 3625 Cl.
2084 3564 2209 3624 Vir.
2294 3563 2432 3623 De-

164 3681 388 3743 buerat
434 3701 572 3741 eum
619 3680 709 3741 sic
754 3679 1165 3760 interpretari.
1250 3679 1507 3738 Factum
1553 3697 1798 3759 nempe,
1844 3697 2032 3758 quum
2077 3677 2140 3736 in
2187 3675 2433 3736 el—Ko-

163 3813 318 3856 rano
366 3799 863 3854 memorarentur
908 3780 1342 3877 egpeditiones
1387 3791 1728 3853 Alexandri
1763 3792 1845 3853 M.
1888 3787 2247 3849 immediate
2291 3796 2435 3867 post

163 3915 541 3971 memoratas
589 3903 1023 3986 expeditiones
1066 3903 1629 3979 Dzi'l-Karnaini,
1698 3903 1761 3964 id
1810 3912 1905 3964 est
1949 3901 2287 3978 Schamiri,
2352 3912 2434 3977 ut,

166 4022 269 4101 qui
316 4021 433 4083 sub
477 4020 650 4081 initia
696 4006 1025 4080 Islamismi
1071 4019 1370 4094 vixerunt,
1414 4017 1819 4080 historiarum
1867 4016 2199 4077 traditores
2247 4035 2433 4076 erro-

167 4154 295 4220 rem
358 4135 523 4195 circa
584 4134 770 4207 hunc,
811 4130 1049 4192 titulum
1105 4132 1633 4194 Dzi'l-Karnaini
1694 4129 2121 4191 commiserint
2178 4138 2241 4192 et
2292 4150 2435 4190 eum

169 4247 586 4329 applicuerint
626 4256 1010 4327 postremum
1053 4247 1411 4321 nominato,
1472 4265 1662 4326 quum
1710 4243 2072 4306 debuissent
2116 4242 2435 4327 applicare

167 4363 432 4443 primum
477 4360 819 4422 nominat0.
2366 4335 2371 4340 ⁵

339 4476 578 4536 Eadem
635 4473 922 4554 pag..23.
978 4472 1082 4533 lin.
1133 4473 1230 4535 19.
1287 4489 1512 4554 passus
1570 4480 1664 4534 est
1727 4491 1761 4533 a
1822 4473 1972 4535 vitio
2010 4469 2271 4547 ‚Codicis
2317 4468 2433 4529 sibi

1833 4589 1874 4653 8

2100 4726 2171 4767 ..⁸⁷
