<?xml version="1.0" encoding="UTF-8"?>
<!DOCTYPE html PUBLIC "-//W3C//DTD XHTML 1.0 Transitional//EN"
    "http://www.w3.org/TR/xhtml1/DTD/xhtml1-transitional.dtd">
<html xmlns="http://www.w3.org/1999/xhtml" xml:lang="en" lang="en">
 <head>
  <title>
</title>
<meta http-equiv="Content-Type" content="text/html;charset=utf-8" />
  <meta name='ocr-system' content='tesseract 3.04.00' />
  <meta name='ocr-capabilities' content='ocr_page ocr_carea ocr_par ocr_line ocrx_word'/>
</head>
<body>
  <div class='ocr_page' id='page_1' title='image "./regnorumarabico00reisgoog_0050.png"; bbox 0 0 2981 5125; ppageno 0'>
   <div class='ocr_carea' id='block_1_1' title="bbox 1362 319 1911 392">
    <p class='ocr_par' dir='ltr' id='par_1_1' title="bbox 1362 319 1911 392">
     <span class='ocr_line' id='line_1_1' title="bbox 1362 319 1911 392; baseline -0.002 -17"><span class='ocrx_word' id='word_1_1' title='bbox 1362 319 1911 392; x_wconf 64' lang='lat'>-23-.</span> 
     </span>
    </p>
   </div>
   <div class='ocr_carea' id='block_1_2' title="bbox 512 505 2802 4236">
    <p class='ocr_par' dir='ltr' id='par_1_2' title="bbox 512 505 2802 4236">
     <span class='ocr_line' id='line_1_2' title="bbox 686 505 2790 596; baseline 0.002 -26"><span class='ocrx_word' id='word_1_2' title='bbox 686 513 874 572; x_wconf 83' lang='lat' dir='ltr'>»Post</span> <span class='ocrx_word' id='word_1_3' title='bbox 913 507 1439 571; x_wconf 88' lang='lat' dir='ltr'><strong>Dschodzaimam</strong></span> <span class='ocrx_word' id='word_1_4' title='bbox 1496 505 1843 586; x_wconf 80' lang='lat' dir='ltr'>accipiebat</span> <span class='ocrx_word' id='word_1_5' title='bbox 1900 507 2288 572; x_wconf 87' lang='lat' dir='ltr'><strong>haereditate</strong></span> <span class='ocrx_word' id='word_1_6' title='bbox 2340 531 2599 592; x_wconf 86' lang='lat' dir='ltr'><strong>regnum</strong></span> <span class='ocrx_word' id='word_1_7' title='bbox 2648 515 2790 596; x_wconf 88' lang='lat' dir='ltr'><strong>ejus</strong></span> 
     </span>
     <span class='ocr_line' id='line_1_3' title="bbox 518 618 2791 705; baseline 0.001 -20"><span class='ocrx_word' id='word_1_8' title='bbox 518 646 633 688; x_wconf 85' lang='lat' dir='ltr'><strong>»ex</strong></span> <span class='ocrx_word' id='word_1_9' title='bbox 675 644 899 687; x_wconf 92' lang='lat' dir='ltr'><strong>sorore</strong></span> <span class='ocrx_word' id='word_1_10' title='bbox 944 642 1145 705; x_wconf 89' lang='lat' dir='ltr'><strong>nepos</strong></span> <span class='ocrx_word' id='word_1_11' title='bbox 1190 623 1354 684; x_wconf 88' lang='lat' dir='ltr'><strong>’Amr</strong></span> <span class='ocrx_word' id='word_1_12' title='bbox 1396 621 1563 683; x_wconf 86' lang='lat' dir='ltr'><strong>filius</strong></span> <span class='ocrx_word' id='word_1_13' title='bbox 1609 618 1744 681; x_wconf 89' lang='lat' dir='ltr'><strong>’Adi</strong></span> <span class='ocrx_word' id='word_1_14' title='bbox 1793 629 1854 683; x_wconf 90' lang='lat' dir='ltr'><strong>et</strong></span> <span class='ocrx_word' id='word_1_15' title='bbox 1896 621 2289 701; x_wconf 69' lang='lat' dir='ltr'><strong>Rakaschae,</strong></span> <span class='ocrx_word' id='word_1_16' title='bbox 2334 625 2507 688; x_wconf 89' lang='lat' dir='ltr'><strong>filiae</strong></span> <span class='ocrx_word' id='word_1_17' title='bbox 2550 627 2791 703; x_wconf 66' lang='lat' dir='ltr'><strong>Malim,</strong></span> 
     </span>
     <span class='ocr_line' id='line_1_4' title="bbox 517 713 2794 821; baseline 0.001 -22"><span class='ocrx_word' id='word_1_18' title='bbox 517 739 669 802; x_wconf 87' lang='lat' dir='ltr'><strong>»filii</strong></span> <span class='ocrx_word' id='word_1_19' title='bbox 713 739 952 814; x_wconf 87' lang='lat' dir='ltr'><strong>Fahmi‚</strong></span> <span class='ocrx_word' id='word_1_20' title='bbox 996 713 1109 799; x_wconf 71' lang='lat' dir='ltr'><strong>&#39;filii</strong></span> <span class='ocrx_word' id='word_1_21' title='bbox 1156 737 1372 813; x_wconf 86' lang='lat' dir='ltr'><strong>Ganm,</strong></span> <span class='ocrx_word' id='word_1_22' title='bbox 1417 734 1532 795; x_wconf 90' lang='lat' dir='ltr'><strong>filii</strong></span> <span class='ocrx_word' id='word_1_23' title='bbox 1577 734 1768 810; x_wconf 79' lang='lat' dir='ltr'><strong>DauS,</strong></span> <span class='ocrx_word' id='word_1_24' title='bbox 1812 733 1921 796; x_wconf 85' lang='lat' dir='ltr'><strong>filii</strong></span> <span class='ocrx_word' id='word_1_25' title='bbox 1967 735 2258 798; x_wconf 65' lang='lat' dir='ltr'><strong>&#39;Odtham</strong></span> <span class='ocrx_word' id='word_1_26' title='bbox 2343 740 2458 802; x_wconf 84' lang='lat' dir='ltr'><strong>Hic</strong></span> <span class='ocrx_word' id='word_1_27' title='bbox 2507 748 2601 801; x_wconf 86' lang='lat' dir='ltr'><strong>est</strong></span> <span class='ocrx_word' id='word_1_28' title='bbox 2646 741 2794 821; x_wconf 86' lang='lat' dir='ltr'><strong>pri—</strong></span> 
     </span>
     <span class='ocr_line' id='line_1_5' title="bbox 518 848 2791 935; baseline 0.002 -23"><span class='ocrx_word' id='word_1_29' title='bbox 518 875 724 930; x_wconf 90' lang='lat' dir='ltr'><strong>»mus,</strong></span> <span class='ocrx_word' id='word_1_30' title='bbox 782 854 888 935; x_wconf 89' lang='lat' dir='ltr'><strong>qui</strong></span> <span class='ocrx_word' id='word_1_31' title='bbox 934 871 1110 934; x_wconf 84' lang='lat' dir='ltr'><strong>reges</strong></span> <span class='ocrx_word' id='word_1_32' title='bbox 1156 849 1319 912; x_wconf 90' lang='lat' dir='ltr'><strong>inter</strong></span> <span class='ocrx_word' id='word_1_33' title='bbox 1361 848 1603 909; x_wconf 78' lang='lat' dir='ltr'><strong>Arabes</strong></span> <span class='ocrx_word' id='word_1_34' title='bbox 1642 850 1931 912; x_wconf 81' lang='lat' dir='ltr'><strong>assumsit</strong></span> <span class='ocrx_word' id='word_1_35' title='bbox 1976 849 2311 914; x_wconf 89' lang='lat' dir='ltr'><strong>el-Hiram</strong></span> <span class='ocrx_word' id='word_1_36' title='bbox 2367 854 2428 913; x_wconf 92' lang='lat' dir='ltr'><strong>in</strong></span> <span class='ocrx_word' id='word_1_37' title='bbox 2476 863 2791 916; x_wconf 89' lang='lat' dir='ltr'><strong>constan-</strong></span> 
     </span>
     <span class='ocr_line' id='line_1_6' title="bbox 516 962 2793 1044; baseline 0.001 -17"><span class='ocrx_word' id='word_1_38' title='bbox 516 978 675 1031; x_wconf 90' lang='lat' dir='ltr'><strong>»tem</strong></span> <span class='ocrx_word' id='word_1_39' title='bbox 723 967 841 1028; x_wconf 91' lang='lat' dir='ltr'><strong>sibi</strong></span> <span class='ocrx_word' id='word_1_40' title='bbox 887 967 1130 1040; x_wconf 87' lang='lat' dir='ltr'><strong>sedem,</strong></span> <span class='ocrx_word' id='word_1_41' title='bbox 1177 972 1237 1024; x_wconf 93' lang='lat' dir='ltr'><strong>et</strong></span> <span class='ocrx_word' id='word_1_42' title='bbox 1282 962 1518 1044; x_wconf 83' lang='lat' dir='ltr'><strong>primus</strong></span> <span class='ocrx_word' id='word_1_43' title='bbox 1558 978 1707 1038; x_wconf 78' lang='lat' dir='ltr'><strong>rex,</strong></span> <span class='ocrx_word' id='word_1_44' title='bbox 1753 982 1937 1043; x_wconf 92' lang='lat' dir='ltr'><strong>quem</strong></span> <span class='ocrx_word' id='word_1_45' title='bbox 1983 963 2279 1028; x_wconf 88' lang='lat' dir='ltr'><strong>Hirenses</strong></span> <span class='ocrx_word' id='word_1_46' title='bbox 2324 966 2452 1028; x_wconf 88' lang='lat' dir='ltr'><strong>suis</strong></span> <span class='ocrx_word' id='word_1_47' title='bbox 2497 968 2560 1028; x_wconf 91' lang='lat' dir='ltr'><strong>in</strong></span> <span class='ocrx_word' id='word_1_48' title='bbox 2607 967 2793 1030; x_wconf 89' lang='lat' dir='ltr'><strong>libris</strong></span> 
     </span>
     <span class='ocr_line' id='line_1_7' title="bbox 514 1077 2792 1162; baseline 0.001 -22"><span class='ocrx_word' id='word_1_49' title='bbox 514 1088 879 1143; x_wconf 82' lang='lat' dir='ltr'><strong>»recensent</strong></span> <span class='ocrx_word' id='word_1_50' title='bbox 917 1080 1081 1141; x_wconf 85' lang='lat' dir='ltr'><strong>inter</strong></span> <span class='ocrx_word' id='word_1_51' title='bbox 1121 1098 1301 1161; x_wconf 86' lang='lat' dir='ltr'><strong>reges</strong></span> <span class='ocrx_word' id='word_1_52' title='bbox 1347 1077 1620 1138; x_wconf 80' lang='lat' dir='ltr'>Arabum</span> <span class='ocrx_word' id='word_1_53' title='bbox 1664 1077 2090 1140; x_wconf 88' lang='lat' dir='ltr'><strong>Irakanorum.</strong></span> <span class='ocrx_word' id='word_1_54' title='bbox 2177 1080 2271 1141; x_wconf 88' lang='lat' dir='ltr'><strong>Ad</strong></span> <span class='ocrx_word' id='word_1_55' title='bbox 2319 1080 2484 1142; x_wconf 90' lang='lat' dir='ltr'><strong>hunc</strong></span> <span class='ocrx_word' id='word_1_56' title='bbox 2530 1098 2792 1162; x_wconf 86' lang='lat' dir='ltr'><strong>quoque</strong></span> 
     </span>
     <span class='ocr_line' id='line_1_8' title="bbox 514 1190 2789 1277; baseline 0.002 -25"><span class='ocrx_word' id='word_1_57' title='bbox 514 1213 733 1276; x_wconf 85' lang='lat' dir='ltr'><strong>»reges</strong></span> <span class='ocrx_word' id='word_1_58' title='bbox 781 1190 1114 1270; x_wconf 75' lang='lat' dir='ltr'><strong>el-&#39;Iraki,</strong></span> <span class='ocrx_word' id='word_1_59' title='bbox 1172 1192 1240 1254; x_wconf 91' lang='lat' dir='ltr'><strong>id</strong></span> <span class='ocrx_word' id='word_1_60' title='bbox 1297 1200 1391 1254; x_wconf 90' lang='lat' dir='ltr'><strong>est</strong></span> <span class='ocrx_word' id='word_1_61' title='bbox 1445 1191 1744 1253; x_wconf 87' lang='lat' dir='ltr'><strong>el-Nasri</strong></span> <span class='ocrx_word' id='word_1_62' title='bbox 1804 1190 1918 1274; x_wconf 87' lang='lat' dir='ltr'><strong>(vel</strong></span> <span class='ocrx_word' id='word_1_63' title='bbox 1963 1192 2285 1276; x_wconf 88' lang='lat' dir='ltr'><strong>Nasridae)</strong></span> <span class='ocrx_word' id='word_1_64' title='bbox 2344 1214 2523 1256; x_wconf 90' lang='lat' dir='ltr'><strong>suum</strong></span> <span class='ocrx_word' id='word_1_65' title='bbox 2588 1214 2789 1277; x_wconf 87' lang='lat' dir='ltr'><strong>genus</strong></span> 
     </span>
     <span class='ocr_line' id='line_1_9' title="bbox 514 1305 2797 1390; baseline 0.001 -23"><span class='ocrx_word' id='word_1_66' title='bbox 514 1318 848 1389; x_wconf 84' lang='lat' dir='ltr'><strong>»tanquam</strong></span> <span class='ocrx_word' id='word_1_67' title='bbox 896 1307 977 1369; x_wconf 86' lang='lat' dir='ltr'><strong>ad</strong></span> <span class='ocrx_word' id='word_1_68' title='bbox 1024 1314 1344 1370; x_wconf 83' lang='lat' dir='ltr'><strong>auctorem</strong></span> <span class='ocrx_word' id='word_1_69' title='bbox 1392 1305 1687 1368; x_wconf 84' lang='lat' dir='ltr'><strong>referunt.</strong></span> <span class='ocrx_word' id='word_1_70' title='bbox 1775 1310 1937 1369; x_wconf 85' lang='lat' dir='ltr'><strong>Tota</strong></span> <span class='ocrx_word' id='word_1_71' title='bbox 1982 1326 2095 1369; x_wconf 90' lang='lat' dir='ltr'><strong>sua</strong></span> <span class='ocrx_word' id='word_1_72' title='bbox 2138 1307 2262 1369; x_wconf 89' lang='lat' dir='ltr'><strong>vita</strong></span> <span class='ocrx_word' id='word_1_73' title='bbox 2307 1306 2355 1390; x_wconf 84' lang='lat' dir='ltr'><strong>e)</strong></span> <span class='ocrx_word' id='word_1_74' title='bbox 2403 1308 2797 1370; x_wconf 79' lang='lat' dir='ltr'><strong>continuavit</strong></span> 
     </span>
     <span class='ocr_line' id='line_1_10' title="bbox 515 1419 2795 1504; baseline 0 -23"><span class='ocrx_word' id='word_1_75' title='bbox 515 1422 656 1483; x_wconf 90' lang='lat' dir='ltr'><strong>»hic</strong></span> <span class='ocrx_word' id='word_1_76' title='bbox 701 1421 870 1483; x_wconf 86' lang='lat' dir='ltr'><strong>’Amr</strong></span> <span class='ocrx_word' id='word_1_77' title='bbox 928 1440 1191 1504; x_wconf 87' lang='lat' dir='ltr'><strong>regnare</strong></span> <span class='ocrx_word' id='word_1_78' title='bbox 1251 1421 1332 1483; x_wconf 90' lang='lat' dir='ltr'><strong>ad</strong></span> <span class='ocrx_word' id='word_1_79' title='bbox 1393 1422 1557 1482; x_wconf 88' lang='lat' dir='ltr'><strong>vitae</strong></span> <span class='ocrx_word' id='word_1_80' title='bbox 1600 1419 1786 1482; x_wconf 89' lang='lat' dir='ltr'><strong>finem</strong></span> <span class='ocrx_word' id='word_1_81' title='bbox 1834 1440 2062 1503; x_wconf 91' lang='lat' dir='ltr'><strong>usque,</strong></span> <span class='ocrx_word' id='word_1_82' title='bbox 2123 1439 2286 1502; x_wconf 87' lang='lat' dir='ltr'><strong>quae</strong></span> <span class='ocrx_word' id='word_1_83' title='bbox 2344 1421 2462 1501; x_wconf 89' lang='lat' dir='ltr'><strong>ipsi</strong></span> <span class='ocrx_word' id='word_1_84' title='bbox 2524 1421 2795 1501; x_wconf 82' lang='lat' dir='ltr'><strong>contigit</strong></span> 
     </span>
     <span class='ocr_line' id='line_1_11' title="bbox 518 1533 2790 1617; baseline 0 -22"><span class='ocrx_word' id='word_1_85' title='bbox 518 1556 724 1599; x_wconf 87' lang='lat' dir='ltr'><strong>»anno</strong></span> <span class='ocrx_word' id='word_1_86' title='bbox 772 1537 895 1600; x_wconf 87' lang='lat'><strong>150</strong></span> <span class='ocrx_word' id='word_1_87' title='bbox 942 1535 1183 1597; x_wconf 81' lang='lat' dir='ltr'><strong>aetatiS.</strong></span> <span class='ocrx_word' id='word_1_88' title='bbox 1269 1533 1573 1617; x_wconf 85' lang='lat' dir='ltr'><strong>Regnavit</strong></span> <span class='ocrx_word' id='word_1_89' title='bbox 1615 1542 1821 1594; x_wconf 87' lang='lat' dir='ltr'><strong>autem</strong></span> <span class='ocrx_word' id='word_1_90' title='bbox 1882 1533 2169 1595; x_wconf 86' lang='lat' dir='ltr'><strong>absoluta</strong></span> <span class='ocrx_word' id='word_1_91' title='bbox 2215 1541 2562 1614; x_wconf 78' lang='lat' dir='ltr'><strong>potestate,</strong></span> <span class='ocrx_word' id='word_1_92' title='bbox 2622 1555 2790 1596; x_wconf 90' lang='lat' dir='ltr'><strong>suo-</strong></span> 
     </span>
     <span class='ocr_line' id='line_1_12' title="bbox 512 1647 2793 1732; baseline 0 -22"><span class='ocrx_word' id='word_1_93' title='bbox 512 1672 676 1732; x_wconf 86' lang='lat' dir='ltr'><strong>»que</strong></span> <span class='ocrx_word' id='word_1_94' title='bbox 738 1651 1036 1729; x_wconf 84' lang='lat' dir='ltr'><strong>consili03</strong></span> <span class='ocrx_word' id='word_1_95' title='bbox 1097 1648 1479 1731; x_wconf 85' lang='lat' dir='ltr'><strong>suscipiebat</strong></span> <span class='ocrx_word' id='word_1_96' title='bbox 1522 1647 1954 1728; x_wconf 87' lang='lat' dir='ltr'><strong>expeditiones</strong></span> <span class='ocrx_word' id='word_1_97' title='bbox 2012 1656 2072 1710; x_wconf 92' lang='lat' dir='ltr'><strong>et</strong></span> <span class='ocrx_word' id='word_1_98' title='bbox 2130 1648 2334 1729; x_wconf 87' lang='lat' dir='ltr'><strong>spolia</strong></span> <span class='ocrx_word' id='word_1_99' title='bbox 2380 1648 2662 1729; x_wconf 86' lang='lat' dir='ltr'><strong>legebat,</strong></span> <span class='ocrx_word' id='word_1_100' title='bbox 2724 1658 2793 1710; x_wconf 88' lang='lat' dir='ltr'><strong>et</strong></span> 
     </span>
     <span class='ocr_line' id='line_1_13' title="bbox 515 1761 2792 1848; baseline 0 -24"><span class='ocrx_word' id='word_1_101' title='bbox 515 1765 900 1848; x_wconf 83' lang='lat' dir='ltr'><strong>»colligebat</strong></span> <span class='ocrx_word' id='word_1_102' title='bbox 943 1764 1173 1827; x_wconf 88' lang='lat' dir='ltr'><strong>tributa</strong></span> <span class='ocrx_word' id='word_1_103' title='bbox 1221 1772 1284 1825; x_wconf 91' lang='lat' dir='ltr'><strong>et</strong></span> <span class='ocrx_word' id='word_1_104' title='bbox 1325 1761 1694 1824; x_wconf 84' lang='lat' dir='ltr'><strong>admittebat</strong></span> <span class='ocrx_word' id='word_1_105' title='bbox 1739 1763 2011 1843; x_wconf 87' lang='lat' dir='ltr'><strong>gentium</strong></span> <span class='ocrx_word' id='word_1_106' title='bbox 2056 1762 2333 1846; x_wconf 81' lang='lat' dir='ltr'><strong>legatoS,</strong></span> <span class='ocrx_word' id='word_1_107' title='bbox 2401 1782 2604 1844; x_wconf 91' lang='lat' dir='ltr'><strong>neque</strong></span> <span class='ocrx_word' id='word_1_108' title='bbox 2661 1782 2792 1845; x_wconf 88' lang='lat' dir='ltr'><strong>pa-</strong></span> 
     </span>
     <span class='ocr_line' id='line_1_14' title="bbox 519 1876 2793 1960; baseline 0.001 -22"><span class='ocrx_word' id='word_1_109' title='bbox 519 1878 739 1939; x_wconf 73' lang='lat' dir='ltr'><strong>»rebat</strong></span> <span class='ocrx_word' id='word_1_110' title='bbox 780 1877 1012 1960; x_wconf 87' lang='lat' dir='ltr'><strong>regulis</strong></span> <span class='ocrx_word' id='word_1_111' title='bbox 1058 1876 1520 1960; x_wconf 88' lang='lat' dir='ltr'><strong>provinciarum</strong></span> <span class='ocrx_word' id='word_1_112' title='bbox 1554 1876 1598 1960; x_wconf 83' lang='grc'><strong>1)</strong></span> <span class='ocrx_word' id='word_1_113' title='bbox 1663 1896 1775 1957; x_wconf 91' lang='lat' dir='ltr'><strong>per</strong></span> <span class='ocrx_word' id='word_1_114' title='bbox 1824 1876 2015 1959; x_wconf 89' lang='lat' dir='ltr'><strong>longe</strong></span> <span class='ocrx_word' id='word_1_115' title='bbox 2066 1877 2396 1958; x_wconf 86' lang='lat' dir='ltr'><strong>plurimam</strong></span> <span class='ocrx_word' id='word_1_116' title='bbox 2453 1877 2674 1939; x_wconf 88' lang='lat' dir='ltr'><strong>aetatis</strong></span> <span class='ocrx_word' id='word_1_117' title='bbox 2726 1888 2793 1940; x_wconf 92' lang='lat' dir='ltr'><strong>et</strong></span> 
     </span>
     <span class='ocr_line' id='line_1_15' title="bbox 514 1988 2789 2075; baseline 0 -23"><span class='ocrx_word' id='word_1_118' title='bbox 514 1993 729 2075; x_wconf 87' lang='lat' dir='ltr'><strong>»regni</strong></span> <span class='ocrx_word' id='word_1_119' title='bbox 788 1993 881 2056; x_wconf 90' lang='lat' dir='ltr'><strong>sui</strong></span> <span class='ocrx_word' id='word_1_120' title='bbox 937 2002 1206 2074; x_wconf 89' lang='lat' dir='ltr'><strong>partem,</strong></span> <span class='ocrx_word' id='word_1_121' title='bbox 1269 1993 1472 2053; x_wconf 85' lang='lat' dir='ltr'><strong>donee</strong></span> <span class='ocrx_word' id='word_1_122' title='bbox 1517 1990 1859 2051; x_wconf 86' lang='lat' dir='ltr'><strong>Ardeschir</strong></span> <span class='ocrx_word' id='word_1_123' title='bbox 1911 1988 2077 2052; x_wconf 87' lang='lat' dir='ltr'><strong>filius</strong></span> <span class='ocrx_word' id='word_1_124' title='bbox 2121 1990 2336 2052; x_wconf 89' lang='lat' dir='ltr'><strong>Babek</strong></span> <span class='ocrx_word' id='word_1_125' title='bbox 2399 2010 2534 2052; x_wconf 86' lang='lat' dir='ltr'><strong>cum</strong></span> <span class='ocrx_word' id='word_1_126' title='bbox 2582 1991 2789 2053; x_wconf 85' lang='lat' dir='ltr'><strong>Persis</strong></span> 
     </span>
     <span class='ocr_line' id='line_1_16' title="bbox 517 2103 2791 2191; baseline 0 -25"><span class='ocrx_word' id='word_1_127' title='bbox 517 2107 680 2169; x_wconf 90' lang='lat' dir='ltr'><strong>»suis</strong></span> <span class='ocrx_word' id='word_1_128' title='bbox 707 2106 757 2191; x_wconf 81' lang='grc'><strong>2)</strong></span> <span class='ocrx_word' id='word_1_129' title='bbox 802 2107 1043 2170; x_wconf 88' lang='lat' dir='ltr'><strong>veniret</strong></span> <span class='ocrx_word' id='word_1_130' title='bbox 1083 2106 1148 2167; x_wconf 88' lang='lat' dir='ltr'><strong>in</strong></span> <span class='ocrx_word' id='word_1_131' title='bbox 1181 2103 1476 2181; x_wconf 68' lang='lat' dir='ltr'><strong>el-&#39;Irak,</strong></span> <span class='ocrx_word' id='word_1_132' title='bbox 1525 2103 1629 2167; x_wconf 91' lang='lat' dir='ltr'><strong>ubi</strong></span> <span class='ocrx_word' id='word_1_133' title='bbox 1660 2103 2176 2184; x_wconf 83' lang='lat' dir='ltr'><strong>deprehendebat</strong></span> <span class='ocrx_word' id='word_1_134' title='bbox 2201 2103 2627 2166; x_wconf 79' lang='lat' dir='ltr'><strong>Ardawanicis</strong></span> <span class='ocrx_word' id='word_1_135' title='bbox 2658 2106 2791 2166; x_wconf 89' lang='lat' dir='ltr'><strong>im-</strong></span> 
     </span>
     <span class='ocr_line' id='line_1_17' title="bbox 512 2215 2793 2301; baseline 0.001 -23"><span class='ocrx_word' id='word_1_136' title='bbox 512 2227 878 2301; x_wconf 86' lang='lat' dir='ltr'><strong>»perantem</strong></span> <span class='ocrx_word' id='word_1_137' title='bbox 922 2220 1195 2301; x_wconf 88' lang='lat' dir='ltr'><strong>aliquem</strong></span> <span class='ocrx_word' id='word_1_138' title='bbox 1240 2218 1554 2281; x_wconf 83' lang='lat' dir='ltr'><strong>Ardawan</strong></span> <span class='ocrx_word' id='word_1_139' title='bbox 1580 2215 1649 2299; x_wconf 80' lang='lat'><strong>3),</strong></span> <span class='ocrx_word' id='word_1_140' title='bbox 1698 2225 1842 2278; x_wconf 87' lang='lat' dir='ltr'><strong>sunt</strong></span> <span class='ocrx_word' id='word_1_141' title='bbox 1886 2218 2526 2281; x_wconf 83' lang='lat' dir='ltr'><strong>autem&#39;Ardawanici</strong></span> <span class='ocrx_word' id='word_1_142' title='bbox 2570 2219 2793 2299; x_wconf 87' lang='lat' dir='ltr'><strong>Naba-</strong></span> 
     </span>
     <span class='ocr_line' id='line_1_18' title="bbox 516 2329 2792 2418; baseline 0.001 -28"><span class='ocrx_word' id='word_1_143' title='bbox 516 2333 725 2394; x_wconf 89' lang='lat' dir='ltr'><strong>»thaei</strong></span> <span class='ocrx_word' id='word_1_144' title='bbox 772 2330 901 2415; x_wconf 92' lang='lat' dir='ltr'><strong>(seu</strong></span> <span class='ocrx_word' id='word_1_145' title='bbox 934 2332 1208 2418; x_wconf 88' lang='lat' dir='ltr'><strong>barbari)</strong></span> <span class='ocrx_word' id='word_1_146' title='bbox 1254 2333 1317 2394; x_wconf 91' lang='lat' dir='ltr'><strong>in</strong></span> <span class='ocrx_word' id='word_1_147' title='bbox 1352 2331 1693 2405; x_wconf 75' lang='lat' dir='ltr'><strong>el-’Irako,</strong></span> <span class='ocrx_word' id='word_1_148' title='bbox 1740 2340 1805 2392; x_wconf 93' lang='lat' dir='ltr'><strong>et</strong></span> <span class='ocrx_word' id='word_1_149' title='bbox 1848 2331 2037 2393; x_wconf 89' lang='lat' dir='ltr'><strong>alium</strong></span> <span class='ocrx_word' id='word_1_150' title='bbox 2065 2331 2238 2392; x_wconf 85' lang='lat' dir='ltr'><strong>Baba</strong></span> <span class='ocrx_word' id='word_1_151' title='bbox 2284 2329 2533 2407; x_wconf 88' lang='lat' dir='ltr'><strong>dictum,</strong></span> <span class='ocrx_word' id='word_1_152' title='bbox 2577 2331 2792 2414; x_wconf 79' lang='lat' dir='ltr'><strong>impe-</strong></span> 
     </span>
     <span class='ocr_line' id='line_1_19' title="bbox 520 2416 2791 2530; baseline 0.001 -24"><span class='ocrx_word' id='word_1_153' title='bbox 520 2456 798 2510; x_wconf 87' lang='lat' dir='ltr'><strong>»rantem</strong></span> <span class='ocrx_word' id='word_1_154' title='bbox 856 2446 1245 2509; x_wconf 86' lang='lat' dir='ltr'><strong>Aramanicis</strong></span> <span class='ocrx_word' id='word_1_155' title='bbox 1282 2445 1363 2530; x_wconf 85' lang='lat' dir='ltr'><strong>f),</strong></span> <span class='ocrx_word' id='word_1_156' title='bbox 1424 2416 1530 2527; x_wconf 47' lang='lat' dir='ltr'><strong>qu&#39;i</strong></span> <span class='ocrx_word' id='word_1_157' title='bbox 1589 2452 1733 2506; x_wconf 90' lang='lat' dir='ltr'><strong>sunt</strong></span> <span class='ocrx_word' id='word_1_158' title='bbox 1787 2444 2136 2506; x_wconf 87' lang='lat' dir='ltr'><strong>Nabathaei</strong></span> <span class='ocrx_word' id='word_1_159' title='bbox 2185 2444 2425 2528; x_wconf 82' lang='lat' dir='ltr'><strong>Syriae.</strong></span> <span class='ocrx_word' id='word_1_160' title='bbox 2519 2447 2596 2508; x_wconf 84' lang='lat' dir='ltr'><strong>Hi</strong></span> <span class='ocrx_word' id='word_1_161' title='bbox 2656 2447 2791 2508; x_wconf 90' lang='lat' dir='ltr'><strong>duo</strong></span> 
     </span>
     <span class='ocr_line' id='line_1_20' title="bbox 517 2557 2794 2643; baseline 0 -20"><span class='ocrx_word' id='word_1_162' title='bbox 517 2562 725 2626; x_wconf 83' lang='lat' dir='ltr'><strong>»bella</strong></span> <span class='ocrx_word' id='word_1_163' title='bbox 768 2562 929 2625; x_wconf 91' lang='lat' dir='ltr'><strong>inter</strong></span> <span class='ocrx_word' id='word_1_164' title='bbox 972 2582 1042 2624; x_wconf 89' lang='lat' dir='ltr'><strong>se</strong></span> <span class='ocrx_word' id='word_1_165' title='bbox 1088 2562 1168 2624; x_wconf 93' lang='lat' dir='ltr'><strong>de</strong></span> <span class='ocrx_word' id='word_1_166' title='bbox 1212 2559 1420 2642; x_wconf 86' lang='lat' dir='ltr'><strong>regnis</strong></span> <span class='ocrx_word' id='word_1_167' title='bbox 1452 2568 1515 2621; x_wconf 88' lang='lat' dir='ltr'><strong>et</strong></span> <span class='ocrx_word' id='word_1_168' title='bbox 1544 2557 2049 2640; x_wconf 88' lang='lat' dir='ltr'><strong>possessionibus</strong></span> <span class='ocrx_word' id='word_1_169' title='bbox 2084 2558 2211 2621; x_wconf 91' lang='lat' dir='ltr'><strong>suis</strong></span> <span class='ocrx_word' id='word_1_170' title='bbox 2248 2560 2564 2643; x_wconf 86' lang='lat' dir='ltr'><strong>gerebant.</strong></span> <span class='ocrx_word' id='word_1_171' title='bbox 2653 2564 2794 2623; x_wconf 90' lang='lat' dir='ltr'><strong>Ve-</strong></span> 
     </span>
     <span class='ocr_line' id='line_1_21' title="bbox 519 2672 2793 2758; baseline 0.001 -23"><span class='ocrx_word' id='word_1_172' title='bbox 519 2697 690 2739; x_wconf 87' lang='lat' dir='ltr'><strong>»rum</strong></span> <span class='ocrx_word' id='word_1_173' title='bbox 738 2676 854 2737; x_wconf 93' lang='lat' dir='ltr'><strong>sub</strong></span> <span class='ocrx_word' id='word_1_174' title='bbox 900 2676 1234 2738; x_wconf 87' lang='lat' dir='ltr'><strong>adventum</strong></span> <span class='ocrx_word' id='word_1_175' title='bbox 1263 2672 1619 2736; x_wconf 87' lang='lat' dir='ltr'><strong>Ardeschiri</strong></span> <span class='ocrx_word' id='word_1_176' title='bbox 1666 2672 2090 2735; x_wconf 82' lang='lat' dir='ltr'><strong>decernebant</strong></span> <span class='ocrx_word' id='word_1_177' title='bbox 2115 2672 2271 2735; x_wconf 90' lang='lat' dir='ltr'><strong>inito</strong></span> <span class='ocrx_word' id='word_1_178' title='bbox 2308 2674 2594 2750; x_wconf 87' lang='lat' dir='ltr'><strong>consilio,</strong></span> <span class='ocrx_word' id='word_1_179' title='bbox 2631 2676 2793 2758; x_wconf 90' lang='lat' dir='ltr'><strong>jun-</strong></span> 
     </span>
     <span class='ocr_line' id='line_1_22' title="bbox 521 2786 2793 2866; baseline 0 -16"><span class='ocrx_word' id='word_1_180' title='bbox 521 2790 673 2853; x_wconf 81' lang='lat' dir='ltr'><strong>»ctis</strong></span> <span class='ocrx_word' id='word_1_181' title='bbox 720 2789 952 2851; x_wconf 91' lang='lat' dir='ltr'><strong>viribus</strong></span> <span class='ocrx_word' id='word_1_182' title='bbox 985 2786 1366 2851; x_wconf 89' lang='lat' dir='ltr'><strong>Ardeschiro</strong></span> <span class='ocrx_word' id='word_1_183' title='bbox 1412 2806 1482 2847; x_wconf 90' lang='lat' dir='ltr'><strong>se</strong></span> <span class='ocrx_word' id='word_1_184' title='bbox 1529 2805 1874 2866; x_wconf 89' lang='lat' dir='ltr'><strong>opponere,</strong></span> <span class='ocrx_word' id='word_1_185' title='bbox 1919 2786 2009 2848; x_wconf 88' lang='lat' dir='ltr'><strong>sie</strong></span> <span class='ocrx_word' id='word_1_186' title='bbox 2054 2796 2122 2850; x_wconf 91' lang='lat' dir='ltr'><strong>ut</strong></span> <span class='ocrx_word' id='word_1_187' title='bbox 2164 2807 2291 2849; x_wconf 91' lang='lat' dir='ltr'><strong>uno</strong></span> <span class='ocrx_word' id='word_1_188' title='bbox 2327 2787 2428 2849; x_wconf 89' lang='lat' dir='ltr'><strong>die</strong></span> <span class='ocrx_word' id='word_1_189' title='bbox 2455 2788 2793 2865; x_wconf 83' lang='lat' dir='ltr'><strong>Ardawan‚</strong></span> 
     </span>
     <span class='ocr_line' id='line_1_23' title="bbox 520 2899 2794 2986; baseline 0 -22"><span class='ocrx_word' id='word_1_190' title='bbox 520 2905 759 2968; x_wconf 85' lang='lat' dir='ltr'><strong>»altero</strong></span> <span class='ocrx_word' id='word_1_191' title='bbox 789 2905 963 2966; x_wconf 89' lang='lat' dir='ltr'><strong>Baba</strong></span> <span class='ocrx_word' id='word_1_192' title='bbox 992 2905 1195 2986; x_wconf 88' lang='lat' dir='ltr'><strong>ipsum</strong></span> <span class='ocrx_word' id='word_1_193' title='bbox 1232 2900 1645 2981; x_wconf 85' lang='lat' dir='ltr'><strong>impugnaret.</strong></span> <span class='ocrx_word' id='word_1_194' title='bbox 1673 2935 1756 2946; x_wconf 91' lang='lat'><strong>--</strong></span> <span class='ocrx_word' id='word_1_195' title='bbox 1843 2900 1940 2961; x_wconf 89' lang='lat' dir='ltr'><strong>Ad</strong></span> <span class='ocrx_word' id='word_1_196' title='bbox 1984 2899 2144 2961; x_wconf 90' lang='lat' dir='ltr'><strong>haec</strong></span> <span class='ocrx_word' id='word_1_197' title='bbox 2188 2901 2542 2964; x_wconf 88' lang='lat' dir='ltr'><strong>consultum</strong></span> <span class='ocrx_word' id='word_1_198' title='bbox 2586 2903 2794 2965; x_wconf 89' lang='lat' dir='ltr'><strong>duce-</strong></span> 
     </span>
     <span class='ocr_line' id='line_1_24' title="bbox 522 3014 2794 3096; baseline 0.001 -20"><span class='ocrx_word' id='word_1_199' title='bbox 522 3020 669 3080; x_wconf 84' lang='lat' dir='ltr'><strong>»bat</strong></span> <span class='ocrx_word' id='word_1_200' title='bbox 710 3018 1050 3080; x_wconf 90' lang='lat' dir='ltr'><strong>Ardeschir</strong></span> <span class='ocrx_word' id='word_1_201' title='bbox 1107 3017 1245 3079; x_wconf 89' lang='lat' dir='ltr'><strong>cum</strong></span> <span class='ocrx_word' id='word_1_202' title='bbox 1289 3014 1462 3076; x_wconf 88' lang='lat' dir='ltr'><strong>Baba</strong></span> <span class='ocrx_word' id='word_1_203' title='bbox 1519 3032 1737 3096; x_wconf 88' lang='lat' dir='ltr'><strong>pacem</strong></span> <span class='ocrx_word' id='word_1_204' title='bbox 1798 3015 2009 3076; x_wconf 83' lang='lat' dir='ltr'><strong>facere</strong></span> <span class='ocrx_word' id='word_1_205' title='bbox 2069 3015 2185 3076; x_wconf 89' lang='lat' dir='ltr'><strong>has</strong></span> <span class='ocrx_word' id='word_1_206' title='bbox 2247 3017 2310 3076; x_wconf 87' lang='lat' dir='ltr'><strong>in</strong></span> <span class='ocrx_word' id='word_1_207' title='bbox 2372 3016 2794 3090; x_wconf 87' lang='lat' dir='ltr'><strong>conditiones,</strong></span> 
     </span>
     <span class='ocr_line' id='line_1_25' title="bbox 521 3128 2798 3211; baseline 0 -20"><span class='ocrx_word' id='word_1_208' title='bbox 521 3137 626 3194; x_wconf 83' lang='lat' dir='ltr'><strong>»ut</strong></span> <span class='ocrx_word' id='word_1_209' title='bbox 670 3132 841 3193; x_wconf 90' lang='lat' dir='ltr'><strong>omni</strong></span> <span class='ocrx_word' id='word_1_210' title='bbox 887 3132 1231 3194; x_wconf 87' lang='lat' dir='ltr'><strong>abstineret</strong></span> <span class='ocrx_word' id='word_1_211' title='bbox 1274 3129 1527 3190; x_wconf 88' lang='lat' dir='ltr'><strong>inimico</strong></span> <span class='ocrx_word' id='word_1_212' title='bbox 1576 3129 1895 3190; x_wconf 90' lang='lat' dir='ltr'><strong>molimine</strong></span> <span class='ocrx_word' id='word_1_213' title='bbox 1939 3128 2142 3203; x_wconf 91' lang='lat' dir='ltr'><strong>Baba,</strong></span> <span class='ocrx_word' id='word_1_214' title='bbox 2187 3128 2621 3211; x_wconf 90' lang='lat' dir='ltr'><strong>bellantesque</strong></span> <span class='ocrx_word' id='word_1_215' title='bbox 2663 3131 2798 3198; x_wconf 79' lang='lat' dir='ltr'><strong>Ar·—</strong></span> 
     </span>
     <span class='ocr_line' id='line_1_26' title="bbox 523 3240 2797 3326; baseline 0.001 -22"><span class='ocrx_word' id='word_1_216' title='bbox 523 3245 918 3307; x_wconf 86' lang='lat' dir='ltr'><strong>»deschirum</strong></span> <span class='ocrx_word' id='word_1_217' title='bbox 947 3252 1009 3307; x_wconf 91' lang='lat' dir='ltr'><strong>et</strong></span> <span class='ocrx_word' id='word_1_218' title='bbox 1035 3243 1456 3306; x_wconf 78' lang='lat' dir='ltr'><strong>Ardawauum</strong></span> <span class='ocrx_word' id='word_1_219' title='bbox 1479 3240 1607 3324; x_wconf 34' lang='lat' dir='ltr'><strong>‚sibi</strong></span> <span class='ocrx_word' id='word_1_220' title='bbox 1633 3243 2036 3322; x_wconf 89' lang='lat' dir='ltr'><strong>permitteret.</strong></span> <span class='ocrx_word' id='word_1_221' title='bbox 2126 3242 2312 3326; x_wconf 89' lang='lat' dir='ltr'><strong>Cujus</strong></span> <span class='ocrx_word' id='word_1_222' title='bbox 2359 3243 2447 3304; x_wconf 90' lang='lat' dir='ltr'><strong>rei</strong></span> <span class='ocrx_word' id='word_1_223' title='bbox 2493 3243 2555 3304; x_wconf 92' lang='lat' dir='ltr'><strong>in</strong></span> <span class='ocrx_word' id='word_1_224' title='bbox 2604 3264 2797 3306; x_wconf 90' lang='lat' dir='ltr'><strong>com-</strong></span> 
     </span>
     <span class='ocr_line' id='line_1_27' title="bbox 524 3331 2798 3439; baseline 0.002 -22"><span class='ocrx_word' id='word_1_225' title='bbox 524 3357 994 3438; x_wconf 84' lang='lat' dir='ltr'><strong>»pensationem</strong></span> <span class='ocrx_word' id='word_1_226' title='bbox 1039 3356 1446 3439; x_wconf 89' lang='lat' dir='ltr'><strong>promittebat</strong></span> <span class='ocrx_word' id='word_1_227' title='bbox 1480 3331 1829 3420; x_wconf 42' lang='lat' dir='ltr'><strong>&#39;Ardeschir</strong></span> <span class='ocrx_word' id='word_1_228' title='bbox 1870 3357 2081 3420; x_wconf 89' lang='lat' dir='ltr'><strong>Babae</strong></span> <span class='ocrx_word' id='word_1_229' title='bbox 2127 3377 2377 3420; x_wconf 89' lang='lat' dir='ltr'><strong>suarum</strong></span> <span class='ocrx_word' id='word_1_230' title='bbox 2423 3360 2798 3438; x_wconf 90' lang='lat' dir='ltr'><strong>possessio-</strong></span> 
     </span>
     <span class='ocr_line' id='line_1_28' title="bbox 523 3469 2797 3553; baseline 0.002 -24"><span class='ocrx_word' id='word_1_231' title='bbox 523 3491 709 3532; x_wconf 91' lang='lat' dir='ltr'><strong>»num</strong></span> <span class='ocrx_word' id='word_1_232' title='bbox 756 3469 1157 3552; x_wconf 85' lang='lat' dir='ltr'><strong>tranquillum</strong></span> <span class='ocrx_word' id='word_1_233' title='bbox 1202 3491 1378 3552; x_wconf 78' lang='lat' dir='ltr'><strong>usum</strong></span> <span class='ocrx_word' id='word_1_234' title='bbox 1425 3470 1795 3532; x_wconf 90' lang='lat' dir='ltr'><strong>concedere.</strong></span> <span class='ocrx_word' id='word_1_235' title='bbox 1884 3470 2330 3533; x_wconf 88' lang='lat' dir='ltr'><strong>Consentiebat</strong></span> <span class='ocrx_word' id='word_1_236' title='bbox 2374 3489 2483 3532; x_wconf 86' lang='lat' dir='ltr'><strong>eas</strong></span> <span class='ocrx_word' id='word_1_237' title='bbox 2528 3471 2592 3532; x_wconf 88' lang='lat' dir='ltr'><strong>in</strong></span> <span class='ocrx_word' id='word_1_238' title='bbox 2617 3470 2797 3553; x_wconf 86' lang='lat' dir='ltr'><strong>leges</strong></span> 
     </span>
     <span class='ocr_line' id='line_1_29' title="bbox 525 3583 2797 3667; baseline 0.003 -24"><span class='ocrx_word' id='word_1_239' title='bbox 525 3585 770 3660; x_wconf 87' lang='lat' dir='ltr'><strong>»Baba,</strong></span> <span class='ocrx_word' id='word_1_240' title='bbox 835 3592 897 3646; x_wconf 95' lang='lat' dir='ltr'><strong>et</strong></span> <span class='ocrx_word' id='word_1_241' title='bbox 953 3585 1044 3646; x_wconf 88' lang='lat' dir='ltr'><strong>sie</strong></span> <span class='ocrx_word' id='word_1_242' title='bbox 1098 3594 1317 3648; x_wconf 88' lang='lat' dir='ltr'><strong>nactus</strong></span> <span class='ocrx_word' id='word_1_243' title='bbox 1374 3585 1570 3647; x_wconf 88' lang='lat' dir='ltr'><strong>otium</strong></span> <span class='ocrx_word' id='word_1_244' title='bbox 1632 3583 1992 3667; x_wconf 89' lang='lat' dir='ltr'><strong>liberasque</strong></span> <span class='ocrx_word' id='word_1_245' title='bbox 2054 3604 2269 3647; x_wconf 89' lang='lat' dir='ltr'><strong>manus</strong></span> <span class='ocrx_word' id='word_1_246' title='bbox 2318 3585 2659 3647; x_wconf 88' lang='lat' dir='ltr'><strong>Ardeschir</strong></span> <span class='ocrx_word' id='word_1_247' title='bbox 2714 3607 2797 3649; x_wconf 91' lang='lat' dir='ltr'><strong>eo</strong></span> 
     </span>
     <span class='ocr_line' id='line_1_30' title="bbox 526 3681 2800 3782; baseline 0.003 -25"><span class='ocrx_word' id='word_1_248' title='bbox 526 3681 836 3780; x_wconf 83' lang='lat' dir='ltr'><strong>»profecit</strong></span> <span class='ocrx_word' id='word_1_249' title='bbox 879 3698 1095 3780; x_wconf 84' lang='lat' dir='ltr'><strong>paullo</strong></span> <span class='ocrx_word' id='word_1_250' title='bbox 1141 3708 1318 3782; x_wconf 88' lang='lat' dir='ltr'><strong>post,</strong></span> <span class='ocrx_word' id='word_1_251' title='bbox 1381 3706 1447 3760; x_wconf 95' lang='lat' dir='ltr'><strong>ut</strong></span> <span class='ocrx_word' id='word_1_252' title='bbox 1494 3697 1812 3762; x_wconf 90' lang='lat' dir='ltr'><strong>occideret</strong></span> <span class='ocrx_word' id='word_1_253' title='bbox 1854 3699 2301 3775; x_wconf 83' lang='lat' dir='ltr'><strong>Ardawanum,</strong></span> <span class='ocrx_word' id='word_1_254' title='bbox 2362 3712 2424 3762; x_wconf 91' lang='lat' dir='ltr'><strong>et</strong></span> <span class='ocrx_word' id='word_1_255' title='bbox 2479 3702 2800 3782; x_wconf 88' lang='lat' dir='ltr'><strong>potiretur</strong></span> 
     </span>
     <span class='ocr_line' id='line_1_31' title="bbox 529 3811 2801 3894; baseline 0.002 -23"><span class='ocrx_word' id='word_1_256' title='bbox 529 3813 879 3887; x_wconf 84' lang='lat' dir='ltr'><strong>»omnibus,</strong></span> <span class='ocrx_word' id='word_1_257' title='bbox 921 3831 1086 3894; x_wconf 90' lang='lat' dir='ltr'><strong>quae</strong></span> <span class='ocrx_word' id='word_1_258' title='bbox 1129 3811 1240 3874; x_wconf 90' lang='lat' dir='ltr'><strong>ille</strong></span> <span class='ocrx_word' id='word_1_259' title='bbox 1286 3818 1573 3875; x_wconf 87' lang='lat' dir='ltr'><strong>tenuerat</strong></span> <span class='ocrx_word' id='word_1_260' title='bbox 1618 3831 1758 3873; x_wconf 90' lang='lat' dir='ltr'><strong>cum</strong></span> <span class='ocrx_word' id='word_1_261' title='bbox 1802 3832 2015 3892; x_wconf 88' lang='lat' dir='ltr'><strong>opum,</strong></span> <span class='ocrx_word' id='word_1_262' title='bbox 2064 3821 2190 3874; x_wconf 89' lang='lat' dir='ltr'><strong>tum</strong></span> <span class='ocrx_word' id='word_1_263' title='bbox 2235 3824 2535 3877; x_wconf 85' lang='lat' dir='ltr'><strong>terrarum</strong></span> <span class='ocrx_word' id='word_1_264' title='bbox 2585 3822 2647 3876; x_wconf 87' lang='lat' dir='ltr'><strong>et</strong></span> <span class='ocrx_word' id='word_1_265' title='bbox 2692 3816 2801 3876; x_wconf 88' lang='lat' dir='ltr'><strong>vi-</strong></span> 
     </span>
     <span class='ocr_line' id='line_1_32' title="bbox 532 3913 2801 4006; baseline 0.002 -22"><span class='ocrx_word' id='word_1_266' title='bbox 532 3948 802 3989; x_wconf 86' lang='lat' dir='ltr'><strong>»rorum.</strong></span> <span class='ocrx_word' id='word_1_267' title='bbox 892 3913 958 3989; x_wconf 83' lang='lat' dir='ltr'><strong>ln</strong></span> <span class='ocrx_word' id='word_1_268' title='bbox 1006 3928 1134 3990; x_wconf 90' lang='lat' dir='ltr'><strong>hoc</strong></span> <span class='ocrx_word' id='word_1_269' title='bbox 1190 3947 1397 3989; x_wconf 86' lang='lat' dir='ltr'><strong>rerum</strong></span> <span class='ocrx_word' id='word_1_270' title='bbox 1443 3934 1607 3988; x_wconf 90' lang='lat' dir='ltr'><strong>statu</strong></span> <span class='ocrx_word' id='word_1_271' title='bbox 1651 3925 2016 4006; x_wconf 90' lang='lat' dir='ltr'><strong>praestabat</strong></span> <span class='ocrx_word' id='word_1_272' title='bbox 2057 3927 2435 3989; x_wconf 83' lang='lat' dir='ltr'><strong>Ardeschiro</strong></span> <span class='ocrx_word' id='word_1_273' title='bbox 2498 3927 2801 3989; x_wconf 90' lang='lat' dir='ltr'><strong>tributum</strong></span> 
     </span>
     <span class='ocr_line' id='line_1_33' title="bbox 531 4038 2802 4124; baseline -0 -23"><span class='ocrx_word' id='word_1_274' title='bbox 531 4051 630 4103; x_wconf 91' lang='lat' dir='ltr'><strong>»et</strong></span> <span class='ocrx_word' id='word_1_275' title='bbox 674 4042 1071 4124; x_wconf 88' lang='lat' dir='ltr'><strong>obsequium,</strong></span> <span class='ocrx_word' id='word_1_276' title='bbox 1119 4051 1179 4104; x_wconf 91' lang='lat' dir='ltr'><strong>et</strong></span> <span class='ocrx_word' id='word_1_277' title='bbox 1223 4042 1324 4103; x_wconf 86' lang='lat' dir='ltr'><strong>hic</strong></span> <span class='ocrx_word' id='word_1_278' title='bbox 1369 4039 1725 4120; x_wconf 85' lang='lat' dir='ltr'><strong>occupabat</strong></span> <span class='ocrx_word' id='word_1_279' title='bbox 1768 4046 1832 4100; x_wconf 92' lang='lat' dir='ltr'><strong>et</strong></span> <span class='ocrx_word' id='word_1_280' title='bbox 1875 4038 1937 4098; x_wconf 90' lang='lat' dir='ltr'><strong>in</strong></span> <span class='ocrx_word' id='word_1_281' title='bbox 1989 4040 2270 4102; x_wconf 86' lang='lat' dir='ltr'><strong>ordinem</strong></span> <span class='ocrx_word' id='word_1_282' title='bbox 2318 4041 2641 4123; x_wconf 86' lang='lat' dir='ltr'><strong>redigebat</strong></span> <span class='ocrx_word' id='word_1_283' title='bbox 2685 4040 2802 4101; x_wconf 93' lang='lat' dir='ltr'><strong>el-</strong></span> 
     </span>
     <span class='ocr_line' id='line_1_34' title="bbox 532 4152 2802 4236; baseline 0 -21"><span class='ocrx_word' id='word_1_284' title='bbox 532 4154 848 4232; x_wconf 73' lang='lat' dir='ltr'><strong>»&#39;1rakum,</strong></span> <span class='ocrx_word' id='word_1_285' title='bbox 891 4156 1166 4219; x_wconf 89' lang='lat' dir='ltr'><strong>subactis</strong></span> <span class='ocrx_word' id='word_1_286' title='bbox 1214 4162 1526 4236; x_wconf 89' lang='lat' dir='ltr'><strong>quotquot</strong></span> <span class='ocrx_word' id='word_1_287' title='bbox 1570 4154 1630 4214; x_wconf 92' lang='lat' dir='ltr'><strong>in</strong></span> <span class='ocrx_word' id='word_1_288' title='bbox 1676 4170 1752 4214; x_wconf 90' lang='lat' dir='ltr'><strong>ea</strong></span> <span class='ocrx_word' id='word_1_289' title='bbox 1796 4152 2118 4232; x_wconf 87' lang='lat' dir='ltr'><strong>provincia</strong></span> <span class='ocrx_word' id='word_1_290' title='bbox 2168 4154 2447 4216; x_wconf 88' lang='lat' dir='ltr'><strong>habebat</strong></span> <span class='ocrx_word' id='word_1_291' title='bbox 2485 4156 2802 4216; x_wconf 87' lang='lat' dir='ltr'><strong>adversa-—</strong></span> 
     </span>
    </p>
   </div>
   <div class='ocr_carea' id='block_1_3' title="bbox 610 4322 1078 4332">
    <p class='ocr_par' dir='ltr' id='par_1_3' title="bbox 610 4322 1078 4332">
     <span class='ocr_line' id='line_1_35' title="bbox 610 4322 1078 4332; baseline 0 793"><span class='ocrx_word' id='word_1_292' title='bbox 610 4322 1078 4332; x_wconf 95' lang='lat' dir='ltr'><strong> </strong></span> 
     </span>
    </p>
   </div>
   <div class='ocr_carea' id='block_1_4' title="bbox 530 4324 603 4332">
    <p class='ocr_par' dir='ltr' id='par_1_4' title="bbox 530 4324 603 4332">
     <span class='ocr_line' id='line_1_36' title="bbox 530 4324 603 4332; baseline -0.014 0"><span class='ocrx_word' id='word_1_293' title='bbox 530 4324 603 4332; x_wconf 46' lang='lat' dir='ltr'><strong>m.—</strong></span> 
     </span>
    </p>
   </div>
   <div class='ocr_carea' id='block_1_5' title="bbox 636 4410 2415 4580">
    <p class='ocr_par' dir='ltr' id='par_1_5' title="bbox 636 4410 2415 4580">
     <span class='ocr_line' id='line_1_37' title="bbox 636 4410 1459 4483; baseline -0.002 -18"><span class='ocrx_word' id='word_1_294' title='bbox 636 4413 685 4482; x_wconf 87' lang='lat' dir='ltr'><strong>c)</strong></span> <span class='ocrx_word' id='word_1_295' title='bbox 724 4429 788 4465; x_wconf 84' lang='lat' dir='ltr'><strong>ex</strong></span> <span class='ocrx_word' id='word_1_296' title='bbox 826 4429 932 4483; x_wconf 92' lang='lat' dir='ltr'><strong>quo</strong></span> <span class='ocrx_word' id='word_1_297' title='bbox 971 4411 1134 4464; x_wconf 74' lang='lat' dir='ltr'><strong>semel</strong></span> <span class='ocrx_word' id='word_1_298' title='bbox 1174 4410 1459 4482; x_wconf 82' lang='lat' dir='ltr'><strong>inceperat.</strong></span> 
     </span>
     <span class='ocr_line' id='line_1_38' title="bbox 637 4507 2415 4580; baseline -0.001 -17"><span class='ocrx_word' id='word_1_299' title='bbox 637 4512 687 4580; x_wconf 79' lang='lat' dir='ltr'><strong>f)</strong></span> <span class='ocrx_word' id='word_1_300' title='bbox 726 4509 809 4563; x_wconf 85' lang='lat' dir='ltr'><strong>Ad</strong></span> <span class='ocrx_word' id='word_1_301' title='bbox 850 4510 952 4563; x_wconf 87' lang='lat' dir='ltr'><strong>hoc</strong></span> <span class='ocrx_word' id='word_1_302' title='bbox 988 4509 1389 4580; x_wconf 83' lang='lat' dir='ltr'><strong>intelligendum</strong></span> <span class='ocrx_word' id='word_1_303' title='bbox 1429 4510 1574 4564; x_wconf 80' lang='lat' dir='ltr'><strong>conf.</strong></span> <span class='ocrx_word' id='word_1_304' title='bbox 1608 4507 1850 4565; x_wconf 81' lang='lat' dir='ltr'><strong>Hamzab</strong></span> <span class='ocrx_word' id='word_1_305' title='bbox 1884 4510 1968 4565; x_wconf 88' lang='lat' dir='ltr'><strong>ed.</strong></span> <span class='ocrx_word' id='word_1_306' title='bbox 2002 4508 2203 4565; x_wconf 88' lang='lat' dir='ltr'><strong>Schult.</strong></span> <span class='ocrx_word' id='word_1_307' title='bbox 2242 4528 2291 4580; x_wconf 85' lang='lat' dir='ltr'><strong>p.</strong></span> <span class='ocrx_word' id='word_1_308' title='bbox 2330 4512 2415 4564; x_wconf 79' lang='lat'><strong>23.</strong></span> 
     </span>
    </p>
   </div>
   <div class='ocr_carea' id='block_1_6' title="bbox 2911 808 2918 951">
    <p class='ocr_par' dir='ltr' id='par_1_6' title="bbox 2911 698 2918 971">
     <span class='ocr_line' id='line_1_39' title="bbox 2911 808 2918 951; baseline 0 -206"><span class='ocrx_word' id='word_1_309' title='bbox 2911 808 2918 951; x_wconf 37' lang='grc' dir='ltr'><em>Α</em></span> 
     </span>
    </p>
   </div>
  </div>
 </body>
</html>
