2981 5125
1061 325 1621 399 —227—

203 512 613 577 »humilitatis
657 512 1026 577 memoriam
1073 512 1302 576 seculis
1349 513 1859 577 transmittendus
1914 509 2070 614 1.Ὴῖ
2104 517 2290 617 23⁶²&
2337 516 2486 613 &hil

202 628 417 707 »quod
463 629 619 691 abiit
659 629 724 691 in
769 629 1193 710 proverbium.
1280 629 1541 690 Kaisum
1586 637 1793 691 tamen
1853 630 2190 705 monebat,
2252 629 2304 692 si
2362 649 2485 692 au-

198 741 390 802 »deat
441 742 645 823 ipsum
705 743 1034 820 occidere,
1096 747 1413 825 nunquam
1457 742 1727 823 posthac
1774 742 2229 805 Gathafanidas
2275 762 2486 805 secum

199 853 304 915 »in
351 856 610 937 gratiam
655 856 992 918 redituroS.
1081 856 1209 920 Sed
1244 857 1394 918 Kais
1422 856 1867 932 nihilominus,
1910 856 2076 918 Male
2111 856 2339 937 perdat
2371 875 2485 918 eos

195 969 430 1045 »DeuS,
475 971 707 1054 ajebat,
755 978 819 1033 et
862 989 900 1031 a
945 970 1111 1032 facie
1155 989 1272 1032 sua
1316 972 1535 1052 procul
1580 979 1925 1045 removeat,
1970 989 2175 1051 neque
2209 957 2484 1050 unquam

198 1082 305 1142 »in
352 1079 615 1164 gratiam
660 1092 721 1146 et
764 1103 987 1166 pacem
1032 1085 1346 1148 conciliet.
1443 1084 1699 1147 Interim
1744 1084 2109 1166 porrigebat
2150 1084 2272 1166 ipsi
2315 1085 2488 1146 Kar-

196 1196 456 1259 »wasch
498 1198 899 1276 venabulum,
945 1220 1073 1281 quo
1121 1199 1373 1262 lumbos
1404 1200 1760 1262 Hodzaifae
1807 1199 2288 1260 comminuebat.
2377 1218 2490 1260 er-

195 1308 434 1385 »Rabi',
478 1309 646 1373 filius
690 1312 908 1395 Zijadi‚
955 1312 1306 1395 perimebat
1347 1312 1662 1388 Hamlum,
1718 1331 1903 1393 quem
1942 1311 2115 1387 Kais,
2174 1318 2313 1374 utut
2351 1310 2485 1373 ini-

195 1422 458 1538 »micum
501 1424 628 1487 hoc
672 1423 1178 1508 prosequebatur
1225 1426 1546 1509 epicedio:

440 1544 445 1548 '
542 1539 754 1601 »Scito
803 1540 975 1620 quod
1023 1541 1292 1621 optimus
1336 1539 1666 1603 hominum
1710 1547 1993 1602 mortuus
2031 1538 2200 1621 apud
2229 1536 2484 1601 Dscha-

448 1652 548 1713 far
593 1652 928 1716 el-Habati
983 1654 1265 1716 haereat.
1830 1663 1835 1667 ·

546 1765 715 1827 »Nisi
760 1767 983 1827 fuisset
1028 1768 1161 1850 ejus
1206 1767 1527 1850 injustitia,
1573 1786 1703 1830 non
1738 1768 2088 1832 desinerem
2117 1767 2321 1849 ipsum
2360 1786 2485 1829 un-

453 1896 641 1958 quam
687 1879 940 1955 deflem,
987 1882 1284 1961 quamdiu
1329 1880 1553 1943 stellae
1598 1900 1668 1942 se
1714 1882 1866 1943 dant
1909 1881 2411 1964 conspiciendas,

543 1991 711 2054 »Sed
745 1993 856 2069 vir,
898 1993 1106 2070 Haml,
1148 1993 1316 2056 filius
1354 1991 1563 2069 Badri,
1607 1992 1989 2073 impotenter
2033 2002 2098 2056 et
2138 1994 2484 2054 insolenter

453 2124 523 2167 se
568 2106 858 2188 gerebat:
922 2107 1095 2187 atqui
1149 2125 1450 2188 pascuum
1508 2106 1888 2170 insolentiae
1930 2106 2115 2170 valde
2158 2104 2482 2167 insalubre

457 2225 553 2281 est
598 2227 660 2280 et
699 2219 1087 2300 pestiferum.

541 2313 768 2407 »Quod
833 2333 1016 2395 nimis
1080 2333 1304 2396 fuerim
1359 2334 1561 2397 facilis
1624 2344 1686 2397 et
1738 2334 2070 2418 benignus,
2137 2330 2482 2395 stimulavit

446 2457 624 2508 'meos
672 2445 930 2528 gentiles
977 2457 1197 2509 contra
1240 2468 1372 2526 me,
1432 2450 1550 2512 nisi
1610 2449 1816 2513 fallor.
1910 2451 1989 2512 Et
2042 2448 2192 2509 inde
2247 2445 2351 2523 fit,
2416 2453 2481 2541 ut

449 2569 812 2622 mansuetus
857 2558 1053 2623 homo
1098 2562 1182 2623 ad
1222 2561 1523 2625 ferociam
1573 2572 1634 2625 et
1677 2562 1919 2626 rabiem
1963 2562 2330 2625 concitetur.
2455 2540 2462 2548 ⁰

533 2675 883 2755 »Expertus
928 2695 1065 2736 sum
1107 2675 1441 2750 homineS,
1487 2678 2017 2756 quemadmodum
2062 2676 2157 2737 illi
2203 2675 2479 2738 vicissim

451 2806 551 2848 me
597 2806 854 2869 quoque
900 2794 1045 2849 sunt
1089 2788 1346 2868 experti,
1374 2798 1456 2851 ,et
1499 2789 1889 2870 deprehendi
1921 2789 2089 2850 hun'c
2121 2796 2478 2852 tortuosum

450 2908 514 2963 et
555 2921 837 2982 pravum,
881 2900 1058 2963 illum
1102 2908 1339 2964 rectum
1384 2909 1448 2964 et
1487 2902 1779 2982 probum.

192 3016 491 3079 »Absitae
536 3016 601 3079 in
643 3016 1017 3080 Hodzaifam
1062 3015 1393 3078 insolentis
1447 3025 1510 3078 et
1552 3015 1938 3079 ludibriosae
1979 3013 2293 3077 vindictae
2336 3023 2476 3077 sta-

191 3131 499 3193 »tnebant
555 3130 927 3212 exemplum.
1010 3103 1539 3210 Exsecutosipsi
1599 3137 1788 3191 testes
1852 3130 1947 3191 ori
2011 3129 2476 3211 appendebant,

191 3242 514 3326 »linguam
558 3244 773 3324 podici
818 3244 1239 3307 intrudebant.
1325 3244 1478 3306 Illuc
1523 3243 1722 3306 tendit
1764 3242 1918 3306 illud
1963 3247 2223 3322 potitae:

536 3358 809 3421 »Caesus
857 3366 953 3421 est
990 3358 1056 3419 in
1101 3357 1415 3420 Dschafar
1458 3358 1852 3433 el-Habati,
1916 3376 1952 3418 e
2011 3357 2188 3439 cujus
2244 3355 2474 3436 podice

451 3471 771 3552 dependet
815 3471 1113 3553 epistola,
1174 3491 1292 3553 pro
1335 3473 1553 3549 vobiS,
1611 3472 1818 3555 siqui
1860 3471 2026 3548 sitis,
2078 3471 2312 3552 iniqui,
2368 3470 2476 3552 qui

444 3584 650 3648 velitis
695 3585 792 3649 bis
836 3586 1033 3667 iniqui
1079 3604 1235 3649 esse.

538 3699 725 3781 »Ejus
786 3699 976 3762 lectio
1032 3697 1273 3760 vos'in
1331 3706 1566 3761 rectam
1623 3697 1788 3760 viam
1845 3699 1927 3761 ab
1989 3715 2205 3758 errore
2259 3701 2471 3758 vestro

448 3809 704 3892 diriget,
769 3820 831 3875 et
874 3815 1279 3894 cognoscetis,
1314 3830 1493 3888 eam,
1565 3811 1819 3892 quando
1864 3808 2070 3873 velitis
2116 3809 2249 3891 ejus
2296 3808 2473 3890 signa

446 3923 794 4006 refringere
830 3924 904 4010 f).

194 4039 385 4100 »Amr
425 4036 595 4100 filius
642 4037 934 4100 el-Asla’i
981 4038 1266 4102 dicebat:

528 4132 859 4216 »Testetur
903 4153 1148 4219 coelum
1195 4162 1258 4218 et
1301 4153 1501 4229 venti,
1560 4159 1819 4216 testetur
1861 4152 2031 4215 Deus
2078 4157 2141 4215 et
2182 4150 2469 4215 homines
2555 4194 2558 4199 -

444 4272 507 4326 et
551 4273 764 4343 terra,·

298 4499 348 4574 s)
388 4500 541 4557 Haec
578 4513 848 4574 postrema
889 4506 1052 4563 verba
1089 4523 1192 4560 nen
1231 4506 1487 4576 intelligo.
