2981 5125
1026 289 1583 373 -179—

132 481 531 546 »Dschadis
576 517 679 545 --.
763 482 923 546 Huic
966 484 1104 546 Abd
1151 483 1324 548 Colal
1371 486 1460 548 ait
1501 490 1730 568 poeta,
1789 504 1974 569 quem
2037 486 2253 551 dicunt
2308 504 2449 560 esse

137 594 412 657 »Ma’di
458 594 781 658 Caribum:
1584 599 1592 606 ’

524 709 849 789 »Optimus
894 709 1221 777 hominum
1268 712 1542 774 omnium
1591 721 1687 775 est
1725 713 1938 792 Fahd,
1997 720 2060 776 et
2111 721 2262 795 post
2308 733 2448 775 eum

435 829 832 884 caeterorum
878 824 1155 885 omnium
1204 829 1476 906 optimus
1520 827 1661 889 Abd
1707 825 1902 890 Colal.

132 934 332 997 »Hic
380 937 561 998 Fahd
606 944 810 998 autem
859 942 953 997 est
994 935 1161 1000 filius
1205 938 1427 1015 ’Aribi,
1471 937 1585 1001 filii
1625 940 2074 1022 Jaljaschrahi3
2121 938 2451 1001 el-Harith

135 1059 426 1112 »autem
474 1058 540 1113 et
578 1049 746 1113 'Arib
791 1059 938 1114 sunt
978 1052 1221 1133 fratres,
1266 1053 1380 1115 filii
1422 1053 1566 1116 Abd
1604 1053 1825 1133 Colali,
1871 1053 1953 1116 ad
1997 1073 2158 1135 quos
2202 1051 2453 1134 scripsit

134 1164 588 1246 »propheta«
1967 1146 1973 1153 ι

341 1278 517 1339 Haec
560 1277 689 1339 ille.
773 1273 824 1341 E
872 1279 1098 1361 quihus
1144 1279 1475 1345 conficitur
1518 1302 1738 1365 parum
1785 1283 1864 1345 ab
1911 1287 2127 1348 aetate
2148 1280 2450 1342 Muham-

132 1390 377 1454 medis
426 1397 711 1473 tempora
763 1391 951 1476 hujus
1011 1413 1193 1457 casus
1252 1396 1498 1458 abesse.
1582 1398 1840 1458 Possem
1896 1398 2001 1459 hic
2061 1396 2141 1457 de
2200 1394 2444 1456 excidio

129 1503 549 1581 ’Aditarum,
609 1504 840 1568 veteris
886 1507 1087 1589 gentis
1130 1508 1619 1585 Amalekiticae,
1672 1510 1910 1572 addere
1954 1515 2446 1580 monumentum,

136 1620 347 1699 quod
395 1620 560 1701 apud
610 1618 1185 1684 el-Maidanensem
1232 1643 1291 1704 p.
1340 1624 1463 1686 116
1510 1643 1571 1685 n.
1617 1624 1740 1686 739
1802 1632 2004 1704 exstat
2047 1623 2127 1684 ad
2171 1641 2446 1704 prover-

133 1733 345 1794 bium
390 1722 642 1828 Osos}
674 1744 858 1797 m
943 1734 1190 1798 Canunt
1233 1737 1292 1798 ei
1338 1735 1921 1799 el-Dscharadatan
1960 1734 2048 1821 d);
2115 1735 2228 1798 sed
2275 1754 2450 1816 quo-

131 1848 342 1908 niam
386 1857 532 1911 sunt
573 1850 831 1911 fabulae
878 1858 940 1912 et
979 1852 1336 1932 antiquiora
1375 1858 1597 1912 nostro
1641 1851 1944 1926 instituto,
1990 1850 2282 1930 adeoque
2327 1847 2454 1910 huc

130 1980 303 2022 non
348 1960 691 2042 pertinent,
757 1962 979 2024 omitto
1029 1971 1093 2025 et
1136 1937 1569 2025 tantummodo
1617 1964 1714 2025 de
1758 1963 1986 2025 hello
2033 1961 2249 2023 inter
2289 1962 2452 2022 Ko-

134 2072 445 2136 dha'ah
485 2081 564 2137 et
605 2074 925 2138 Rabi'ah
973 2075 1056 2138 ob
1103 2075 1568 2152 el-Karithain,
1624 2076 1725 2140 vel
1770 2078 1933 2139 duos
1974 2076 2120 2138 illos
2167 2075 2452 2137 celebres

139 2187 502 2265 coriarioS,
549 2189 886 2265 concitato,
932 2189 1103 2269 quod
1140 2188 1329 2251 valde
1366 2190 1689 2271 antiquum
1729 2190 1917 2253 debet
1953 2208 2205 2271 quoque
2239 2187 2452 2262 fuisse,

145 2321 241 2363 ex
289 2301 521 2363 eodem
552 2300 866 2372 Menidan.
901 2324 965 2386 p.
994 2294 1097 2367 38.
1128 2302 1335 2366 n.372
1382 2304 1462 2365 ad
1507 2303 1666 2365 illud
1703 2303 2138 2385 proverbium:
2184 2299 2453 2396 quando

145 2413 443 2478 redierit
491 2415 815 2477 coriarius
860 2415 1247 2494 Ἀντωνιάς,
1294 2416 1535 2497 aliquid
1581 2417 1842 2478 afferam
1882 2417 1954 2501 e).

349 2530 527 2592 »Duo
560 2529 654 2592 illi
683 2530 955 2608 coriarii,
1002 2531 1109 2610 ait,
1149 2539 1293 2596 sunt
1314 2530 1605 2610 Jadscor,
1649 2530 1814 2596 filius
1845 2529 2095 2608 ’Anzae,
2137 2537 2200 2593 et
2222 2528 2452 2606 Rohm,

157 2642 379 2705 »filius
416 2641 650 2706 ’Amiri.
738 2643 1056 2719 Quantum
1091 2646 1172 2707 ad
1202 2646 1503 2728 priorem,
1546 2639 1936 2722 Jadscorhm,
1980 2645 2219 2720 attinet,
2266 2661 2455 2704 ama-

158 2759 326 2820 »bat
371 2759 504 2842 ejus
547 2757 766 2836 filiam,
808 2761 1187 2837 Fathimam,
1234 2757 1648 2831 Chozaimah,
1690 2757 1858 2820 filius
1903 2757 2145 2819 Fahmi.
2232 2756 2457 2818 Fiebat

160 2871 397 2947 »inde,
459 2879 526 2934 ut
581 2871 663 2932 ad
721 2873 1164 2935 convehendas
1220 2871 1487 2935 cortices
1548 2870 1790 2932 arboris
1841 2869 2074 2945 Karth,
2137 2852 2453 2929 coriariae

163 2984 546 3047 »faciundae
590 2985 1000 3062 necessariaS,
1044 2987 1434 3069 susciperent
1475 2983 1617 3046 iter.
1702 2985 1823 3045 Per
1853 2982 2024 3063 quod
2068 2982 2218 3043 dum
2254 2999 2456 3061 prae-

165 3107 466 3162 »tereunt
508 3100 778 3177 foveam,
821 3100 887 3161 in
931 3119 1056 3180 qua
1095 3107 1438 3182 posuerant
1483 3117 1636 3180 apes
1682 3097 2046 3172 alvearium,
2092 3095 2454 3158 descende-

165 3213 328 3275 »bat
386 3213 511 3275 mel
567 3215 881 3278 hausurus
934 3214 1202 3276 Jadscor
1242 3215 1392 3277 fune
1437 3214 1763 3290 dimissuS,
1824 3233 2013 3293 quem
2066 3209 2456 3274 Chozaimah

168 3328 494 3391 »tenebat.
588 3331 667 3393 Ut
709 3330 861 3392 satis
907 3327 1028 3392 sibi
1072 3329 1307 3393 fecerat
1347 3329 1644 3405 Jadscor,
1689 3328 2023 3411 poscebat,
2067 3333 2136 3389 ut
2178 3324 2456 3390 Chozai-

169 3442 368 3504 »mah
412 3462 627 3506 rursus
671 3443 885 3506 funem
925 3420 1049 3506 sibi
1095 3444 1448 3528 porrigeret
1505 3451 1567 3507 et
1625 3442 1992 3519 sustineret,
2053 3461 2180 3522 quo
2235 3446 2458 3520 posset

172 3556 627 3619 »adscendere.
726 3558 853 3621 Sed
911 3558 1299 3631 Chozaimah
1356 3557 1627 3641 negabat
1680 3557 1748 3620 id
1802 3555 1972 3619 -velle
2027 3552 2272 3627 facere,
2332 3550 2453 3611 nisi

171 3668 569 3732 »Fathimam
625 3669 748 3732 sibi
806 3671 1206 3754 despondere
1261 3670 1467 3733 vellet.
1568 3672 1800 3733 Verum
1860 3665 2136 3749 negabat
2186 3663 2454 3725 Jadscor

172 3782 282 3845 »id
329 3802 366 3844 a
413 3802 484 3845 se
527 3803 801 3872 unquam
844 3783 911 3845 in
954 3784 1067 3846 tali
1110 3804 1323 3847 rerum
1366 3803 1619 3846 suarum
1664 3784 2002 3846 situatione
2044 3780 2186 3841 fore
2230 3784 2452 3839 extor-

176 3897 558 3977 »quendum.
651 3897 994 3961 Discedens
1051 3897 1266 3978 itaque
1321 3897 1710 3961 Chozaimah
1765 3895 2015 3959 sinebat
2068 3891 2335 3955 alterum
2384 3891 2451 3953 in

83 4067 90 4075 .
175 4011 410 4073 »fovea
452 4011 680 4095 perire.
764 4012 926 4076 Hinc
968 4012 1189 4076 incidit
1230 4013 1463 4075 malum
1507 4010 1766 4096 (turbae,
1809 4009 2068 4094 bellum)
2112 4009 2278 4071 inter
2304 4009 2450 4069 Ko-

176 4125 450 4188 »dha'ah
495 4135 559 4189 et
598 4126 917 4219 Rabi’ah.«
1215 4106 1220 4109 ’

351 4240 714 4325 ljaditarum
772 4247 1094 4324 acceptam
1153 4261 1191 4304 a
1249 4243 1492 4323 Sapore
1536 4239 1909 4322 Scapulario
1956 4239 2201 4303 cladem
2256 4254 2450 4318 supra

291 4482 345 4556 d)
384 4481 467 4538 ed.
503 4481 769 4554 Freytaq.
809 4478 872 4536 T.
907 4479 950 4534 1.
987 4499 1039 4551 p.
1074 4481 1194 4535 225.
1410 4479 1459 4553 e}
1503 4477 1581 4535 lb.
1615 4496 1667 4550 p.
1711 4480 1826 4534 123.
