2981 5125
1395 365 1493 379 “““·
1597 316 1756 394 190
1852 364 2022 425 -,,

544 508 1044 576 εΙ-Μίνόαάᾶη
1088 510 1179 572 im
1223 504 1413 571 Dual
1450 503 1817 596 gebraucltt
1863 503 2005 599 liat.
2110 503 2383 569 Amara
2431 516 2586 595 saqt
2635 504 2816 591 (Mo-

546 626 773 689 ’allaca
814 645 974 687 vers·
1019 622 1112 706 9):
1619 649 1622 652 ¹
1782 678 1786 683 .

638 736 759 802 W
751 738 814 801 ie
857 735 1043 799 kann
1085 733 1194 798 ich
1229 736 1324 800 sie
1357 733 1713 816 besuehmz,
1758 734 1846 797 da
1878 731 2025 798 ihre
2045 729 2484 802 Familieden
2509 725 2819 796 Sommer

718 850 792 912 in
819 847 1243 913 ’Oneizatein
1278 847 1619 938 zubrinqt,
1662 849 1769 913 die
1802 849 2084 937 unsriqe-
2106 844 2267 912 aber
2301 846 2376 909 in
2403 842 2817 909 el-Geilem?

546 961 645 1027 el-
659 958 911 1026 Geilem
957 959 1114 1050 lieqt
1156 964 1249 1028 im
1298 959 1565 1030 Gebt’ete
1608 963 1725 1028 der
1764 960 1944 1026 Beni
1988 959 2172 1024 Ἀῶ.

723 1178 926 1262 »Quia
966 1204 1122 1249 vero
1171 1185 1353 1248 nimis
1397 1185 1534 1250 irae
1576 1204 1733 1249 suae
1775 1183 2106 1267 indulgens
2154 1175 2598 1244 el-Mohalhil
2642 1176 2816 1239 nulla

549 1299 809 1363 »habita
874 1299 1122 1361 ratione
1175 1300 1535 1381 promiscue
1605 1299 1816 1383 gladio
1882 1296 2159 1360 saeviret
2208 1296 2274 1357 in
2341 1312 2562 1355 omnes
2625 1291 2827 1354 tribus

555 1415 1007 1489 »Becritarum,
1054 1412 1240 1476 etiam
1292 1412 1468 1490 illas,
1524 1431 1682 1494 quas
1728 1430 1918 1496 supra
1963 1408 2595 1475 commemoravimus
2643 1424 2831 1489 aegre

555 1528 810 1592 »tulisse
847 1526 1106 1589 caedem
1134 1525 1378 1590 Colaibi
1410 1535 1473 1588 et
1506 1527 1763 1609 negotio
1794 1545 2064 1609 prorsus
2100 1543 2171 1585 se
2215 1542 2346 1585 non
2387 1522 2826 1597 immiscuisse,

558 1639 1082 1721 »implicabantur
1125 1639 1312 1701 etiam
1355 1617 1482 1702 'hae
1526 1640 1735 1716 beno,
1780 1648 1844 1702 et
1885 1638 1993 1701 ine
2040 1637 2403 1713 el-Harith,
2458 1635 2627 1698 filius
2674 1634 2823 1696 ’Ah-

562 1752 768 1829 madi,
814 1772 1003 1834 quem
1046 1771 1236 1834 supra
1281 1752 1646 1817 dicebamus
1692 1754 1841 1817 belli
1889 1750 2394 1816 communionem
2428 1750 2669 1812 nullam
2697 1749 2818 1812 ha-

557 1867 825 1944 »buisse‚
868 1875 1018 1948 post
1055 1868 1331 1952 occisum
1363 1887 1545 1931 suum
1575 1866 1775 1930 filium
1799 1866 2272 1930 Bodschairum.
2355 1863 2634 1926 Audiens
2661 1862 2816 1923 enim

560 1988 779 2061 »pater
824 1980 903 2043 de
949 1980 1146 2043 caede
1186 1981 1301 2044 filii
1345 1981 1474 2057 sui,
1532 1980 1960 2063 gratulabatur
2003 1977 2122 2040 sibi
2169 1978 2404 2059 pariter
2446 1985 2640 2059 atque
2683 1973 2813 2057 ipsi,

556 2096 899 2177 »quoniam
953 2096 1220 2177 putabat
1263 2094 1356 2156 sic
1401 2094 1791 2157 satisfactum
1836 2070 2299 2155 el-Mohalhilo
2342 2090 2539 2153 fuisse
2586 2090 2812 2152 et-Co-

559 2207 834 2269 »laibum
895 2183 1232 2289 expiatum.
1344 2207 1551 2282 Quum
1611 2227 1764 2271 vero
1828 2215 2082 2288 praeter
2139 2203 2501 2285 opinionem
2561 2202 2812 2277 audiret,

560 2319 1124 2383 »el-Mohalhilum
1171 2330 1318 2397 tum,
1363 2341 1553 2401 quum
1598 2306 1904 2383 mactaret
1932 2318 2406 2394 Bodschairum‚
2448 2315 2639 2377 simul
2663 2315 2814 2378 haec

562 2432 984 2515 »(despicatus
1029 2432 1239 2518 plena)
1285 2434 1479 2496 verba
1525 2432 2012 2515 pronunciasse:
2075 2431 2197 2509 ‚Sic
2242 2428 2597 2512 expiaveris
2640 2446 2816 2490 unam

564 2545 936 2628 »corrigiam
991 2545 1212 2610 soleae
1262 2547 1547 2628 Colaibi’;
1626 2546 1966 2612 admodum
2019 2544 2435 2620 irascebatur,
2490 2559 2818 2623 curamque

565 2660 756 2722 »belli
803 2681 941 2722 cum
986 2660 1329 2744 Taglebitis
1373 2662 1632 2745 gerendi
1676 2664 1811 2742 ipse
1866 2660 1930 2721 in
1987 2680 2058 2732 se
2114 2658 2528 2739 suscipiebat,
2592 2657 2817 2719 funde—

566 2772 837 2855 »batque
881 2774 1240 2858 Taglebitas
1285 2782 1348 2838 et
1391 2775 1740 2858 dissipabat
1783 2795 2003 2838 eorum
2059 2774 2256 2837 tribus
2317 2779 2379 2834 et
2434 2769 2815 2834 el-Mohal-

562 2887 794 2950 »hilum
842 2889 923 2951 ad
967 2891 1181 2972 fugam
1227 2887 1544 2973 adigebat.
1628 2891 1723 2952 Ea
1767 2888 2105 2951 occasione
2150 2886 2401 2950 dicebat
2444 2884 2816 2964 el-Harith‚

562 2999 766 3064 »filius
811 2986 1095 3081 ’Abhad'i,
1142 3004 1424 3066 celebres
1469 3003 1626 3066 istos
1671 3003 2049 3066 versiculos:

818 3115 1373 3198 »Appropinquate
1418 3116 1571 3178 mihi
1610 3116 1816 3180 lorum
1861 3106 2440 3185 en-Na'amae‘etc.

564 3228 752 3289 »Erat
793 3227 954 3290 haec
999 3231 1133 3312 ejus
1178 3249 1339 3312 equa
1377 3227 1454 3315 b).

734 3341 1042 3404 »Primum
1088 3343 1433 3424 proelium,
1495 3344 1594 3406 cui
1635 3342 1741 3405 hic
1785 3343 2113 3405 el-Harith
2154 3342 2468 3417 interfuit,
2526 3348 2625 3403 est
2667 3346 2816 3402 dies

563 3457 964 3529 nmmum,
994 3455 1114 3535 qui
1156 3456 1325 3519 idem
1369 3477 1622 3539 quoque
1663 3459 1844 3520 Jaum
1890 3455 2134 3518 Tahlak
2178 3455 2548 3518 el-Limami
2590 3455 2816 3538 appel-

564 3568 767 3630 »latur
829 3565 957 3651 (seu
1018 3569 1151 3632 dies
1212 3579 1688 3652 praesectorum
1750 3570 2076 3656 cirrorum)
2145 3589 2285 3632 eam
2347 3572 2431 3633 ob
2491 3570 2817 3645 rationem,

562 3681 749 3763 »quia
790 3681 881 3744 sic
925 3682 1288 3746 instituebat
1331 3684 1676 3762 el-Harith‚
1718 3692 1787 3747 ut
1816 3685 2099 3747 Becritae
2134 3684 2256 3746 sibi
2285 3684 2502 3748 ‘cirros
2548 3685 2630 3746 de
2673 3703 2817 3747 cer-

561 3797 737 3858 »vice
782 3796 1206 3878 dependentes
1250 3807 1711 3879 praesecarent.
1797 3799 2119 3861 Suadebat
2156 3799 2324 3862 enim
2360 3799 2710 3874 el-Harith‚
2754 3807 2816 3863 ut

563 3929 834 3973 »uxores
891 3931 1143 3994 quoque
1199 3931 1346 3976 suas
1401 3912 1466 3974 in
1521 3912 1757 3975 bellum
1815 3912 2116 3975 ducerent
2166 3933 2377 3976 secum
2433 3919 2495 3974 et
2537 3928 2815 3994 pone‘se

565 4023 993 4090 »collocarent
1033 4027 1216 4102 ideo,
1278 4034 1372 4102 ut,
1439 4026 1493 4089 si
1554 4046 1738 4108 quem
1794 4025 2147 4089 invenirent
2201 4026 2353 4088 illae
2407 4025 2814 4101 vulneratum,

564 4136 849 4198 »hostem
895 4141 1148 4221 quidem
1190 4161 1387 4223 porro
1433 4141 1849 4218 conficerent,
1919 4141 2211 4223 gentilem
2252 4159 2405 4202 vero
2451 4158 2634 4201 suum
2676 4137 2834 4200 cibo

566 4257 880 4331 »potuque
925 4253 1276 4317 reficerent.
1362 4255 1488 4317 Sed
1532 4254 1638 4337 qui
1680 4256 2053 4338 dignoscent
2080 4253 2397 4318 foeminae
2428 4251 2815 4316 vulneratum

657 4408 712 4479 b)
753 4405 981 4463 Carmen
1021 4411 1157 4466 illud
1196 4412 1313 4467 sere
1352 4421 1564 4467 centum
1601 4431 1787 4468 versus
1822 4412 2009 4478 habet,
2062 4432 2290 4485 quorum
2326 4415 2703 4487 quinquaginta
2737 4415 2815 4468 sic

565 4497 877 4553 ordiuntur:
910 4497 1354 4574 Appropinquate
1386 4502 1522 4557 mihi
1555 4504 1731 4559 lorum
1767 4501 2145 4559 eu-Na'Amae.
