2981 5125
967 361 1523 435 ...97—

291 554 503 614 »Haec
549 553 821 634 agebant
879 560 940 614 et
995 551 1288 614 dicebant
1341 554 1404 613 iu
1450 559 1794 635 conspectu
1848 558 1911 615 et
1960 553 2220 639 ἑπακοῇ
2272 555 2398 616 Sa-

116 667 333 742 ))ᾶὺεἰ,
400 666 515 729 sed
575 665 791 747 paullo
854 673 999 746 post
1058 664 1307 726 redibat
1362 666 1443 727 ad
1477 666 1892 728 -Hodschrum
1936 655 2002 730 ¹et
2049 667 2402 729 excutiebat

117 778 447 862 »dactylos
494 798 529 840 e
574 779 870 859 pharetra
914 798 1028 840 sua
1075 797 1286 840 coram
1333 778 1497 859 ipso,
1543 787 1605 841 et
1645 779 1895 843 dicebat
1941 780 2103 843 alios
2151 781 2402 862 quidem

115 912 354 975 »vagos
399 892 518 975 ipsi
566 913 923 975 coecosque
978 912 1261 954 rumores
1324 894 1403 954 de
1458 893 1647 955 hoste
1695 895 2011 970 attulisse,
2078 914 2148 956 se
2195 902 2401 956 autem

116 1026 397 1069 »meram
442 1009 766 1070 veritatem
811 1007 1057 1068 afferre.
1144 1008 1223 1067 Et
1268 1026 1457 1086 quum
1496 1006 1795 1087 deinceps
1831 1008 2031 1068 Sadus
2064 1007 2400 1068 Hodschro

115 1140 376 1184 »casum
422 1122 557 1205 ejus
603 1141 745 1182 cum
773 1119 980 1181 Hiuda
1020 1129 1082 1183 et
1112 1127 1405 1201 serpente
1438 1121 1742 1196 narraret,
1789 1118 1993 1203 (quem
2025 1121 2183 1182 alius
2220 1140 2402 1181 mor—

114 1232 377 1296 »talium
424 1253 612 1295 nemo
658 1233 820 1295 scire
863 1231 1158 1315 poterat‚)
1220 1233 1609 1315 agnoscebat
1667 1235 1799 1317 ejus
1859 1234 2216 1310 veritatem,
2278 1233 2403 1294 im-

115 1355 347 1427 »pacta
390 1366 581 1408 manu
629 1347 1058 1430 destringebat
1102 1348 1183 1409 de
1225 1348 1480 1408 Mortuo
1533 1354 1611 1422 et,
1661 1355 1728 1408 ut
1773 1356 1908 1409 erat
1953 1348 2170 1423 iratuS‚
2220 1367 2405 1408 man-

115 1459 373 1521 »debat.
456 1461 570 1521 Est
612 1467 818 1522 autem
868 1479 943 1522 ea
990 1461 1182 1522 arbor
1226 1478 1477 1534 amara,
1534 1477 1722 1539 quam
1769 1460 1820 1520 si
1869 1469 2118 1543 gustant
2163 1460 2405 1535 cameli,

115 1573 330 1635 »labia
376 1573 689 1654 accipiunt
734 1574 1003 1649 tumida,
1057 1573 1213 1635 nibil
1261 1582 1466 1635 tamen
1513 1573 1578 1633 id
1624 1574 1740 1655 ipsi
1787 1575 2075 1636 nocebat.
2162 1574 2404 1638 Deinde

117 1687 459 1748 »movebat
502 1706 538 1748 e
582 1686 710 1749 suis
758 1686 1016 1749 latebris
1065 1695 1128 1749 et
1170 1687 1513 1749 invadebat
1556 1688 1667 1748 Ibn
1711 1687 2091 1764 Mandalah,
2145 1688 2284 1768 qui,
2341 1696 2407 1748 ut

115 1802 368 1864 »fuerat
412 1801 803 1875 admonituS‚
868 1801 1078 1863 subito
1125 1801 1189 1861 in
1238 1820 1464 1882 equum
1514 1803 1878 1884 emergebat
1922 1810 1983 1863 et
2024 1802 2408 1864 subsistebat

114 1916 412 1978 »hostem
462 1921 852 1997 exspectans,
940 1916 1099 1977 Huic
1161 1915 1473 1976 offerebat
1536 1914 1835 1976 Hodschr
1895 1914 2406 1976 monomachiam

114 2048 235 2091 »ea
287 2029 447 2111 lege,
491 2036 562 2089 ut
605 2027 811 2090 victor
856 2035 919 2088 et
963 2023 1304 2107 αὐθέντης
1349 2027 1495 2088 victi
1543 2035 1605 2088 et
1651 2028 1840 2088 occisi
1888 2027 2105 2107 copias
2151 2028 2407 2089 obtine-

117 2148 280 2204 »ret.
363 2145 646 2221 Aequam
691 2141 1151 2221 pronunciabat
1197 2159 1337 2201 eam
1384 2140 1589 2221 legem
1630 2139 1742 2200 Ibn
1779 2140 2124 2201 Mandalah
2158 2149 2219 2202 et
2248 2142 2411 2202 sub-

119 2257 296 2318 „ibat
357 2254 633 2316 duellum
691 2255 756 2316 in
818 2261 1154 2335 conspectu
1214 2254 1478 2315 Hindae.
1576 2256 1727 2316 Post
1771 2256 2203 2336 reciprocatus
2250 2256 2409 2316 duos

122 2369 453 2449 »utrinque
509 2368 829 2430 hastarum
890 2367 1049 2428 ictus
1111 2367 1358 2428 tandem
1405 2369 1702 2430 Hodschr
1762 2369 1849 2429 ita
1896 2369 2166 2431 feriebat
2209 2369 2408 2431 filium

121 2483 541 2559 »Mandalab‚
601 2491 668 2544 ut
715 2501 854 2543 eum
901 2502 1065 2564 equo
1111 2502 1228 2543 suo
1277 2503 1609 2545 excussum
1650 2491 2097 2565 prosterneret.
2187 2482 2406 2546 Statim

123 2596 539 2679 »prosiliebat
573 2596 742 2658 Hind
785 2596 848 2658 in
894 2615 1163 2673 caesum,
1209 2597 1562 2659 lamentans
1602 2597 1651 2682 a)
1700 2598 2011 2660 evellebat
2046 2598 2293 2659 hastam
2334 2618 2412 2657 ex

129 2712 304 2794 »ejus
366 2718 611 2791 gutture
673 2716 736 2770 et
788 2718 988 2771 semet
1042 2710 1242 2791 ipsam
1296 2710 1701 2787 vulnerabat;
1775 2712 1890 2773 sed
1946 2711 2246 2772 Hodschr
2304 2711 2408 2796 (ita

137 2832 396 2885 »nactus
456 2794 754 2885 hostilem
814 2823 1154 2884 exercitum
1212 2823 1449 2904 pariter
1503 2830 1688 2902 atque
1750 2843 1928 2885 suam
1989 2827 2289 2905 praedam
2354 2834 2415 2885 et

144 2937 453 2999 »Hindam
486 2937 696 2998 adhuc
730 2934 953 3018 vivam)
985 2935 1126 3016 ipso
1158 2953 1296 2995 eam
1328 2954 1407 2996 eo
1434 2935 1496 2995 in
1528 2935 1674 2997 loeo
1703 2936 2134 3011 confodiebat,
2173 2939 2414 3001 dicens:

485 3047 822 3129 »Quisquis
879 3056 1025 3129 post
1067 3048 1208 3110 hoc
1268 3059 1388 3109 tam
1452 3047 1686 3109 clarum
1749 3048 1998 3110 Hindae
2061 3049 2413 3131 exemplum

389 3163 516 3225 ulla
563 3165 626 3225 in
671 3180 742 3224 re
788 3161 989 3225 credit
1034 3161 1312 3239 mulieri,
1372 3162 1480 3223 ille
1527 3162 1731 3222 infans
1780 3163 1895 3224 erit
1939 3171 2001 3222 et
2046 3163 2412 3244 decipietur.

320 3267 325 3275 ’
374 3300 380 3305 ·
482 3276 741 3338 »Omnis
785 3275 1062 3337 mulieris
1109 3294 1307 3352 amor,
1354 3276 1598 3339 etiamsi
1631 3279 1809 3358 signa
1847 3276 1956 3337 tibi
1990 3275 2224 3337 amoris
2256 3296 2414 3358 pro-

392 3391 518 3466 dat,
565 3398 771 3450 tamen
817 3397 915 3452 est
956 3410 1057 3452 res
1101 3408 1264 3451 vana
1312 3401 1372 3453 et
1417 3391 1672 3452 sutilis.«

303 3506 623 3566 Hactenus
666 3503 1140 3565 el-MaidaniuS.
1230 3504 1353 3565 Sed
1404 3524 1738 3585 pergamus
1783 3505 1846 3564 in
1892 3503 2155 3564 historia
2201 3522 2414 3583 regum

138 3618 529 3681 Kinditarum
588 3624 651 3678 et
703 3625 873 3679 textu
927 3619 1219 3679 Hamzae.
1318 3618 1469 3678 Post
1521 3618 1924 3679 Hodschrum
1983 3618 2230 3696 itaque,
2287 3616 2418 3676 sive

140 3734 402 3814 primum
450 3753 681 3815 regem,
725 3731 857 3792 sive
901 3734 1110 3814 potius
1155 3731 1520 3806 secundum,
1568 3732 1873 3813 regnabat
1919 3730 2052 3812 ejus
2098 3728 2265 3789 filius

428 3931 628 3992 'Amr
676 3934 1113 3992 el-Maksur
1159 3950 1275 3990 seu
1322 3927 1693 3992 decurtatus
1741 3924 2128 4011 appellatus,

313 4074 501 4159 Cujus
547 4073 1039 4157 appellationem
1086 4074 1360 4135 reddunt
1400 4072 1660 4146 ArabeS,
1706 4090 1868 4152 quae
1912 4069 2062 4130 mibi
2100 4089 2224 4131 non
2269 4068 2420 4150 pla-

248 4347 297 4418 a)
335 4344 582 4416 proprie:
633 4346 816 4400 diceus
852 4328 1017 4427 25⁸5>
1055 4325 1269 4392 &2503
1305 4326 1383 4413 ἐς
1458 4340 1615 4394 Pater
1651 4358 1799 4394 meus
1839 4339 2097 4394 redemtio
2142 4347 2229 4390 tua
2266 4338 2333 4390 sit
2371 4345 2422 4389 et

152 4462 309 4506 mater
346 4471 480 4518 mea,
517 4453 573 4505 id
613 4460 716 4505 est:
756 4471 787 4504 o
828 4470 985 4522 quam
1025 4451 1216 4507 vellem
1256 4450 1412 4503 chara
1452 4448 1583 4501 mihi
1623 4446 1799 4500 omnia
1841 4447 1982 4510 dare,
2022 4447 2064 4497 si
2105 4458 2315 4512 possem
2356 4439 2420 4491 iis

154 4558 285 4606 tuam
323 4554 483 4607 vitam
521 4553 802 4606 redimere.

1815 4652 1851 4711 7
