2981 5125
1043 318 1596 393 ...59—

613 511 1109 578 el-Mondzir,
1155 524 1349 590 quem
1392 505 1685 570 Primum
1730 505 2042 572 dicemuS.

360 610 521 682 Huic
580 619 794 684 tribuit
856 621 1139 683 Hamzah
1202 619 1378 704 regni
1439 641 1641 685 annos
1686 625 1802 700 44,
1871 642 2137 706 quorum
2181 625 2459 706 exegerit

191 739 341 797 octo
380 741 451 796 ‘et
493 735 534 796 9
580 752 824 799 meuses
869 733 986 795 sub
1027 733 1300 796 Bahram
1341 736 1633 800 Dschaur
1676 737 1808 823 (seu
1850 739 2101 802 Verane
2142 737 2275 823 V.)‚
2326 739 2460 829 ⁴sub

189 845 380 929 hujus
424 845 560 909 filio
594 846 815 909 Fairuz
855 849 931 910 17
962 865 1183 910 annos.
1271 848 1397 912 Sed
1442 852 1781 916 conciliare
1824 853 1972 916 huic
2013 872 2141 916 non
2183 872 2459 935 possum,

196 960 374 1039 quod
439 960 527 1022 ait
581 961 862 1023 Hamzah
913 981 974 1043 p.
1018 962 1101 1024 35
1149 961 1296 1025 edit.
1339 963 1691 1027 SchultenS.
1747 965 1913 1030 hunc
1966 967 2462 1031 el-Mondzirum

198 1073 419 1154 paucis
465 1073 686 1138 diebus
730 1084 879 1157 post
918 1077 1230 1139 Varanem
1278 1077 1535 1140 obiisse.
1623 1081 1759 1142 Jam
1806 1080 2001 1144 ultimi
2046 1101 2272 1144 novem
2317 1079 2463 1142 anni

193 1188 464 1250 Varanis
498 1190 571 1250 V.
618 1190 960 1252 secundum
995 1188 1436 1274 Chronologos
1481 1199 1734 1256 nostros
1777 1193 2058 1257 incidunt
2098 1195 2164 1257 in
2205 1196 2276 1257 A.
2306 1214 2369 1277 p.
2400 1194 2464 1256 C.

190 1301 596 1379 432-2441‚-
638 1293 864 1384 quibus
911 1302 965 1365 si
1012 1304 1210 1366 addas
1256 1322 1456 1368 annos
1506 1307 1583 1368 17
1632 1313 1694 1368 et
1738 1308 1851 1384 18,
1913 1315 2188 1390 emerget
2225 1308 2298 1369 A.
2341 1308 2467 1370 476

191 1420 425 1478 nostro
459 1414 688 1479 fatalis.
772 1418 914 1480 Hoc
957 1437 1089 1480 non
1131 1418 1478 1482 concordat
1521 1419 1833 1501 superiori
1878 1420 2144 1498 calculo,
2190 1441 2316 1502 quo
2362 1419 2469 1482 ef-

192 1529 454 1593 fecimus
490 1533 625 1614 ejus
652 1537 894 1612 patrem
925 1530 1417 1595 en-No’manum
1449 1531 1730 1613 primum*
1755 1528 2021 1596 desiisse
2045 1552 2214 1596 anno
2240 1531 2469 1596 Christi

192 1643 344 1707 436.
445 1643 790 1707 Resolvant
846 1643 956 1707 alii
1015 1645 1184 1708 hunc
1241 1645 1512 1724 nodum3
1576 1646 1642 1709 in
1684 1647 1783 1710 his
1827 1647 2103 1711 tenebris
2149 1646 2468 1711 aberratio

195 1754 476 1837 quatuor'
513 1765 622 1821 aut
665 1772 779 1820 sex
824 1776 1132 1821 annorum
1174 1758 1406 1831 nullius
1453 1767 1550 1822 est
1589 1763 1910 1826 momenti.

344 1872 548 1934 ¹Hunc
570 1892 740 1935 ’non
765 1870 960 1933 habet
996 1870 1498 1948 en-Nuwairius;
1542 1874 1656 1936 Ibn
1686 1873 2006 1937 Kotaibah
2033 1873 2271 1956 pariter
2307 1871 2475 1934 hunc

180 1985 521 2064 ¹praeteriit
565 1993 626 2047 et
667 1983 953 2067 proxime
995 1989 1329 2064 sequentes
1376 1985 1672 2067 quinque.
1755 1988 1870 2050 Ibn
1905 1985 2320 2050 el-Dschauzi
2352 1986 2477 2047 hac

185 2097 256 2158 in
308 2114 379 2157 re
422 2097 536 2158 Ibn
578 2096 894 2159 Kotaihae
941 2103 1190 2159 secutus
1237 2103 1334 2159 est
1376 2101 1755 2181 exemplum,
1801 2106 1865 2162 et
1908 2118 2095 2181 quem
2137 2098 2249 2160 ille
2292 2118 2475 2161 com-

191 2209 473 2273 misserat,
502 2229 793 2274 errorem.
836 2218 900 2274 et
950 2197 1574 2292 parachronismum,
1639 2233 1765 2295 quo
1811 2232 2037 2295 nempe
2080 2212 2325 2276 dixerat
2365 2212 2478 2274 Ibn

190 2323 520 2387 Kotaibah
563 2325 643 2386 ab
682 2324 1179 2389 Anuschirwano
1227 2333 1336 2388 aut
1364 2326 1672 2390 Kobadze
1707 2329 1903 2391 fuisse
1948 2324 2330 2390 en-No'man
2374 2326 2478 2388 el-

196 2437 693 2522 Acbarum‘(seu
734 2436 920 2501 nobis
964 2436 1273 2522 primum,)
1330 2439 1517 2523 hujus
1575 2432 1991 2505 el-Mondziri
2033 2447 2308 2523 patrem,
2365 2459 2477 2502 re-

199 2573 345 2636 gem
373 2552 796 2631 constitutum,
836 2551 1014 2615 illum
1040 2572 1337 2629 errorem,
1366 2553 1646 2637 inquam,
1676 2554 2480 2619 recoxit'el-Dschauzi.—

195 2667 401 2749 Hujus
430 2675 731 2748 ¹tempore
772 2668 997 2731 vixisse
1033 2668 1224 2760 debet
1258 2667 1573 2744 Hodschr,
1614 2666 1783 2732 filius
1813 2668 2077 2744 Harithi,
2118 2668 2237 2730 filii
2272 2667 2478 2744 'Amri,

199 2781 391 2862 vulgo
421 2778 564 2842 Akil
597 2780 967 2845 eis-Munati
1012 2779 1147 2866 (seu
1188 2781 1430 2844 herbae
1475 2781 1738 2866 alicujus
1770 2800 2023 2848 amarae
2056 2784 2157 2847 vel
2186 2782 2479 2855 fruticeti,
2594 2818 2600 2823 -

199 2901 316 2956 aut
379 2893 585 2957 ericae
644 2906 899 2958 amarae·
961 2892 1300 2977 comestor)
1363 2895 1601 2971 dictuS,
1663 2898 1838 2979 cujus
1898 2903 2081 2977 pater
2134 2896 2482 2958 el—Harith

197 3006 442 3069 bellum
483 3010 681 3072 Basus
723 3008 1108 3072 Bacritarum
1155 3016 1217 3071 et
1259 3007 1729 3089 Taglabitarum
1776 3009 2130 3071 diuturnum
2189 3014 2251 3070 et
2306 3008 2477 3070 cele-

176 3113 320 3185 'bre
364 3121 618 3185 taudem
662 3123 1043 3205 composuit,
1091 3131 1154 3186 et
1196 3143 1386 3205 quum
1430 3127 1617 3184 antea
1660 3121 2203 3185 rexKinditarum
2245 3130 2482 3185 tantum

203 3243 407 3313 esset,
446 3255 504 3298 a
545 3234 1381 3319 belligerentibussstribubus
1428 3255 1505 3299 ea
1551 3236 1945 3315 conditione,
2004 3256 2223 3320 pacem
2266 3243 2334 3299 ut
2375 3238 2483 3300 fa—

205 3356 400 3427 ceret,
446 3353 699 3431 quoque
741 3369 856 3412 rex
901 3349 1138 3440 electus
1185 3357 1300 3428 est,
1346 3357 1410 3414 et
1451 3351 1543 3414 sic
1588 3350 1939 3437 dynastiam
1982 3350 2374 3416 Kinditarum
2418 3351 2482 3411 in

200 3462 674 3546 Mesopotamia
692 3463 996 3527 fundavit.
1080 3466 1238 3527 Nam
1258 3464 1787 3529 el.-Maidanensis
1814 3467 1898 3528 ait
1921 3487 2062 3529 eum
2081 3466 2479 3530 Hodschrum

201 3584 509 3657 tempore¹
540 3576 810 3639 Bahram
850 3577 1320 3641 Dschaurisseu
1361 3580 1626 3643 Van-anis
1670 3582 1743 3643 V.
1786 3580 2046 3659 vixisse3
2114 3582 2282 3644 unde
2340 3580 2483 3641 effi-

190 3691 369 3752 -citur
427 3688 678 3766 celebre
729 3690 886 3755 illud
940 3691 1180 3755 bellum
1233 3692 1474 3755 finitum
1534 3693 1728 3756 fuisse
1783 3700 1926 3756 ante
1984 3712 2214 3755 annum
2258 3690 2486 3762 Christi
2572 3675 2578 3683 ¹

206 3803 359 3865 441.
447 3802 653 3877 Quum
698 3813 905 3867 autem
948 3806 1016 3868 id
1057 3806 1467 3889 quadraginta
1511 3805 1781 3869 tenuerit
1821 3825 1935 3889 per
1977 3824 2210 3880 annm,
2272 3803 2485 3866 debuit

211 3924 425 3979 ortum
480 3916 673 3979 fuisse
728 3920 843 3981 sub
899 3921 1340 3985 ortum'seculi
1385 3921 1582 4004 quinti
1628 3940 1666 3983 a
1712 3919 1959 3984 Christo
2003 3927 2155 3982 nato
2187 3916 2257 4003 c).
2356 3918 2485 3980 Sed

213 4039 312 4094 est
353 4030 483 4094 alia
527 4031 853 4097 difficultas
897 4033 1048 4098 mihi
1088 4035 1554 4118 insuperabilis,
1600 4054 1786 4118 quam
1815 4034 1965 4118 Cap.
1986 4035 2088 4097 IV.
2130 4049 2483 4115 proponam

325 4301 376 4374 c)
414 4299 578 4355 Aliud
626 4308 1017 4371 argumentum,
1077 4300 1223 4372 quod
1267 4299 1469 4353 bellum
1506 4296 1677 4353 Basus
1716 4298 1959 4353 debuerit
1994 4299 2134 4354 circa
2170 4298 2305 4352 haec
2338 4306 2485 4351 tem-

223 4397 355 4472 p'ora
394 4401 586 4468 fuisse,
635 4401 781 4474 quod
817 4397 1007 4454 Colaib
1044 4399 1233 4454 vicerit
1265 4397 1597 4465 Sahbanum,
1646 4407 1699 4455 et
1733 4397 2160 4454 es-Sabbahum
2195 4397 2348 4451 illum
2386 4394 2485 4449 sub

223 4499 663 4567 ,lezdedschirdm
700 4503 757 4576 id
795 4508 876 4556 est
909 4505 1032 4571 post
1062 4497 1130 4554 A.
1170 4496 1230 4553 C.
1267 4500 1388 4566 400,
1430 4518 1480 4555 v.
1514 4496 1667 4555 Nuw.
1716 4498 1841 4554 edit.
1878 4497 2082 4554 Schult.
2116 4515 2170 4568 p.
2208 4498 2277 4552 77
2311 4504 2367 4550 et
2400 4496 2489 4551 79.
