2981 5125
1016 325 1578 401 -225-

178 536 398 600 gemus
444 522 507 578 et
548 516 673 577 hic.
769 515 1034 578 Instituti
1080 516 1279 579 nostri
1323 517 1599 580 brevitas
1644 535 1771 577 non
1816 516 2117 596 permittit
2157 516 2280 578 bos
2329 535 2452 577 au,-

181 638 390 693 ctores
438 630 729 693 conferre
776 638 838 692 et
883 631 1412 708 circumstantiam,
1478 631 1705 713 quibus
1763 632 1925 693 inter
1968 631 2452 713 se-discrepant,

182 765 403 807 omnes
463 762 785 826 apponere
845 752 917 808 et
968 745 1347 832 examinare.
1432 745 1720 808 Contenti
1777 745 1988 807 simus
2027 745 2243 827 itaque
2296 745 2454 831 ὥςγε

176 864 254 927 ἐν
299 860 389 945 τῷ
432 857 586 924 νυνὶ
632 856 1094 922 Nuwairiana
1139 857 1492 935 relatione,
1527 877 1692 939 quae
1734 859 1899 920 haec
1942 866 2067 920 est:

358 971 600 1036 »Etiam
629 971 757 1033 hoc
788 971 1020 1033 bellum
1058 978 1150 1033 est
1168 971 1837 1048 ‘Kaisiticum,utimur
1864 972 2073 1033 verbis
2101 972 2217 1034 Abi
2249 972 2457 1034 Obai-

185 1086 388 1161 mah,
429 1086 594 1147 inter
636 1092 930 1167 posteros
976 1084 1128 1145 Absi
1175 1091 1237 1146 et
1278 1084 1621 1168 Dzobjani,
1667 1083 1941 1146 filiorum
1987 1086 2282 1169 Bagidbi‚
2341 1086 2470 1148 filii

185 1199 469 1276 »Raithi,
506 1198 648 1261 filii
696 1198 1066 1273 Gathafani,
1134 1205 1399 1279 gestum.
1485 1199 1722 1274 Causa,
1786 1217 1950 1280 quae
1994 1199 2059 1260 id
2106 1199 2460 1273 concitavit,

186 1316 388 1382 »haec
432 1314 567 1376 fuit.
651 1311 1024 1395 Pignoribus
1069 1312 1372 1393 depositis
1408 1312 1729 1375 certabant
1766 1311 1939 1387 Kais,
1984 1312 2151 1374 filius
2187 1305 2462 1386 Zohairi,

187 1429 465 1505 »Absita,
513 1435 574 1490 et
618 1427 824 1503 Haml,
869 1426 1034 1489 filius
1067 1427 1275 1502 Badri,
1319 1426 1715 1510 Dzobjanita,
1761 1427 1899 1507 quis
1944 1447 2130 1488 cursu
2173 1426 2465 1487 velocior
2511 1409 2514 1414 ⁴

189 1544 312 1604 »sit
353 1543 617 1617 futuruS‚
669 1523 864 1610 Dahis
909 1560 1008 1616 ne,
1059 1560 1402 1624 generosus
1448 1547 1654 1621 equus
1693 1540 2098 1603 admissarius
2135 1539 2338 1630 ⁴Kaisi,
2382 1547 2461 1603 a‘n
2603 1545 2632 1561 “

187 1657 460 1733 »Gabra,
506 1674 668 1738 equa
705 1656 938 1719 nobilis
974 1656 1200 1718 Hamli.
1287 1657 1575 1738 Pignora,
1622 1672 1785 1736 quae
1819 1654 2242 1736 deponebant,
2287 1666 2465 1719 erant

190 1780 477 1831 »centum
525 1768 747 1831 cameli
794 1771 1078 1852 quisque,
1135 1770 1428 1847 stadium,
1474 1771 1647 1851 quod
1683 1770 2169 1845 decurrendum,
2216 1769 2466 1832 centum

190 1885 494 1947 »Galwah
537 1883 619 1968 c),
688 1884 957 1965 spatium
1016 1884 1319 1964 temporis
1379 1885 1862 1967 progymnasiae
1908 1904 2212 1965 equorum
2263 1885 2467 1946 desti-

195 2005 448 2059 »natum
496 2004 629 2058 erat
674 1995 1088 2078 quadraginta
1132 1996 1431 2058 noctium.
1533 1996 1659 2076 sed
1703 1998 1912 2059 Hamli
1957 1997 2224 2079 perfidia
2268 2006 2466 2060 totam

194 2132 370 2174 »rem
430 2107 1001 2192 corrumpebat—et
1057 2117 1154 2172 tot
1209 2111 1440 2172 secutis
1497 2110 1679 2172 malis
1725 2087 1920 2173 dabat
1961 2091 2201 2173 ansam.
2290 2111 2468 2173 Con-

197 2225 528 2289 »stituerat
569 2225 735 2287 enim¹
777 2225 883 2285 ille
926 2224 989 2284 in
1027 2225 1193 2308 jugis
1240 2232 1302 2287 et
1353 2223 1627 2287 vallibus
1686 2227 2022 2302 montium,
2088 2223 2211 2306 qua
2257 2234 2470 2287 trans-
2563 2267 2568 2270 -

174 2342 509 2403 'neundum
559 2348 696 2402 erat
749 2337 926 2421 equis
979 2339 1398 2415 currentibus,
1440 2333 1711 2422 ‘aliquot
1755 2341 1849 2402 *de
1892 2349 2077 2422 gente
2123 2358 2238 2401 sua
2282 2339 2470 2412 viroS,

198 2455 464 2537 »quibus
511 2456 776 2516 dederat
815 2454 879 2513 in
926 2453 1266 2530 mandatiS,
1311 2461 1410 2530 ut,
1455 2454 1508 2514 si
1552 2454 1750 2517 Dabis
1794 2454 2037 2517 veniret
2081 2454 2283 2534 priuS,
2329 2472 2472 2514 eum

201 2591 277 2633 »a
323 2580 488 2632 meta
535 2570 983 2650 consequenda
1017 2569 1365 2631 retinerent
1410 2577 1474 2630 et
1517 2579 1929 2634 morarentur.
2017 2571 2220 2644 Quum
2254 2569 2472 2630 dimit—

201 2693 520 2748 »terentur
564 2685 655 2746 sic
701 2684 845 2764 equi
894 2683 973 2745 de
1019 2683 1413 2759 carceribuS,
1477 2685 1921 2764 praevertebat
1973 2683 2274 2745 foemella
2328 2701 2473 2743 ma-

203 2821 394 2863 »rem.
481 2798 884 2862 Gloriabatur
915 2797 1099 2858 Haml
1143 2796 1266 2857 hac
1311 2797 1392 2858 de
1435 2817 1525 2872 re,
1555 2817 1744 2859 suam
1792 2816 2017 2879 equam
2062 2797 2315 2859 vincere
2360 2814 2476 2856 as-

203 2933 479 2976 »serenS.
568 2911 696 2974 Sed
754 2930 898 2973 eum
955 2910 1106 2972 Kais
1167 2910 1359 2972 modo
1419 2910 1735 2991 patienter
1791 2917 2158 2992 exspectare
2215 2908 2477 2992 jubebat

205 3055 325 3090 »--
373 3036 434 3090 et
486 3025 928 3107 praevertebat
984 3044 1119 3086 mas
1176 3024 1541 3097 foemellam
1590 3062 1670 3071 —-
1760 3025 1965 3100 Quum
2012 3033 2218 3086 autem
2262 3023 2479 3083 immi-
2577 3036 2580 3039 ·

204 3150 422 3202 »neret
477 3134 672 3202 Dahis
728 3149 933 3201 metae
995 3149 1056 3203 et
1112 3128 1530 3222 propinquus
1562 3128 1841 3216 insidiis,
1907 3138 2324 3220 prosiliebant
2365 3136 2479 3211 illi,
2595 3200 2598 3203 ,

206 3275 385 3319 »sese
428 3255 493 3316 in
540 3255 923 3317 contrarium
970 3261 1389 3334 opponentes,
1435 3273 1706 3336 eumque
1742 3275 1777 3316 a
1813 3253 2256 3336 prosequendo
2295 3271 2481 3313 cursu

204 3374 310 3432 ‘»et
355 3369 715 3452 attingenda
763 3377 929 3430 meta
975 3366 1391 3446 cohibebant,
1457 3389 1585 3451 quo
1646 3370 1902 3452 respicit
1958 3369 2114 3431 illud
2171 3352 2480 3442 'Antan-ae,

207 3484 360 3547 »filii
403 3484 589 3567 hujus
633 3482 842 3544 Kaisi:
1124 3474 1127 3477 ¹
1755 3468 1761 3476 ’

550 3596 952 3659 »Gloriantur
994 3617 1188 3678 super
1230 3616 1331 3659 me
1376 3597 1619 3678 absque
1664 3615 1874 3674 causa,
1919 3617 2253 3678 meumque
2285 3597 2483 3658 nobi-

460 3714 584 3774 lem
632 3730 857 3792 equum
904 3731 942 3772 a
988 3692 1167 3779 meta,
1198 3698 1619 3794 contingenda
1662 3711 2051 3793 repulerunt.

385 3829 527 3890 »Sic
571 3826 950 3889 nascebatur
991 3825 1225 3888 bellum
1264 3844 1571 3888 annorum
1606 3825 2040 3907 quadraginta,
2085 3844 2199 3906 per
2230 3828 2389 3905 quo's
2428 3833 2487 3885 et

212 3942 638 4004 »camelorum
681 3916 1085 4021 et'equorum
1123 3940 1359 4020 pariter
1394 3939 1637 4002 cultura
1670 3959 1927 4019 prorsus
1954 3939 2155 4023 jacuit
2187 3939 2489 4020 neglecta,

212 4054 772 4136 »quandoquidem
833 4073 911 4115 eo
970 4053 1240 4135 dirigere
1285 4072 1432 4116 suas
1479 4071 1667 4114 auras
1713 4051 1994 4133 impediti
2039 4051 2209 4113 bello
2255 4051 2488 4132 nequi-

214 4172 427 4232 »bant.
533 4168 820 4232 Mittebat
864 4168 1028 4230 enim
1074 4167 1464 4244 Hodzaifah,
1529 4166 1697 4237 filius
1741 4152 1963 4242 Badri,
2025 4166 2220 4227 frater
2259 4163 2490 4239 Hamli,

266 4448 271 4451 -
323 4406 371 4478 c)
407 4404 627 4471 Galwah
665 4415 747 4462 est
782 4406 1026 4479 spatium,
1078 4405 1223 4478 quod
1262 4413 1352 4460 aut
1389 4405 1572 4475 sagitta
1606 4422 1809 4460 summa
1840 4404 1894 4460 vi
1928 4406 2162 4476 explosa,
2199 4413 2288 4457 aut
2321 4420 2492 4474 equus

212 4527 319 4563 una
364 4502 498 4579 ὁρμῇ
534 4508 811 4579 percurrit.
902 4547 908 4555 .

2289 4688 2422 4775 2¹⁴¹*
