2981 5125
1061 344 1616 415 ...9.-

193 533 256 594 is
306 533 614 613 Saporem
661 508 1146 609 Dzu'l-Aktafi‚
1208 553 1321 596 seu
1376 531 1796 615 scapularium
1858 534 2142 603 maxime,
2185 533 2487 608 nominat,

195 668 445 711 nonum
492 654 756 731 quartae
795 646 1014 709 classis
1051 665 1265 730 regum
1301 627 1715 723 Persicorum,
1761 666 1953 728 quum
1995 647 2051 709 is
2095 646 2283 710 fuerit
2323 667 2488 728 pro-

194 765 315 837 cul·
347 764 515 825 omni
558 763 753 825 dubio
787 763 1009 843 Sapor,
1055 760 1276 824 classis
1303 761 1528 824 tertiae
1559 781 1777 843 regum
1803 759 2212 839 Persicorum,
2258 780 2484 843 nempe

193 878 686 953 Arsacidarum,
730 876 1063 939 secundus.
1147 877 1330 939 Hunc
1373 877 1683 958 Saporem
1728 874 1819 937 eis
1849 874 2179 938 vel-Hiram
2226 875 2488 937 inhabi-

191 991 514 1054 tationem
572 991 946 1074 assignasse.
1041 993 1178 1052 Jam
1235 992 1290 1054 si
1349 1011 1565 1054 verum
1625 998 1751 1066 est,
1819 989 2127 1052 Christum
2182 990 2299 1051 sub
2360 988 2488 1051 hoc

194 1108 456 1186 Sapore
502 1112 712 1167 natum
760 1123 936 1180 esse,
981 1105 1154 1186 quod
1197 1105 1483 1167 Hamzah
1530 1105 1825 1180 affirmat,
1870 1103 2150 1185 sequitur
2193 1104 2340 1164 inde
2385 1101 2488 1164 el-

191 1222 426 1282 Hiram
480 1228 630 1283 tunc
680 1221 949 1302 primum
994 1220 1074 1282 ab
1117 1220 1427 1282 Arabihus
1470 1219 1745 1281 Arabiae
1787 1217 1990 1281 felicis
2038 1226 2101 1280 et
2142 1218 2223 1279 ab
2271 1236 2491 1279 eorum

191 1334 411 1416 primo
457 1354 608 1416 rege
649 1324 922 1405 Maliko'‚
966 1332 1100 1396 filio
1143 1334 1398 1410 Fahmi‚
1440 1351 1806 1415 possessam
1848 1331 2064 1394 fuisse.

377 1450 472 1510 De
518 1468 716 1531 regno
754 1448 1199 1512 Arsacidarum
1242 1447 1450 1510 adhuc
1489 1445 1835 1509 verbulum.
1925 1447 2126 1527 Supra
2167 1445 2484 1508 attulimus

194 1582 283 1624 ex
330 1562 642 1638 Hamzah,
684 1562 1031 1635 secundum
1073 1563 1260 1646 hujus
1306 1569 1370 1624 et
1408 1568 1770 1641 auctorum,
1817 1579 1852 1621 e
1900 1560 2126 1641 quibus
2165 1559 2271 1622 hic
2312 1561 2485 1623 hau-

190 1677 314 1753 sit,
377 1685 680 1753 mentem,
744 1676 1060 1757 incepisse
1099 1696 1360 1760 regnum
1402 1674 1847 1737 Arsacidarum
1893 1661 2058 1736 anno
2104 1680 2249 1736 ante
2295 1673 2485 1737 Chri-

189 1797 367 1851 stum
405 1789 551 1852 202.
640 1791 781 1853 Hoc
825 1809 954 1851 non
998 1789 1258 1852 multum
1303 1789 1550 1853 abludit
1593 1808 1631 1851 a
1676 1788 1922 1852 calculo
1969 1794 2330 1850 nostrorum
2372 1788 2485 1850 hi-

186 1903 599 1977 storicorum,
641 1911 707 1965 ut
735 1904 990 1981 Petavii,
1034 1904 1140 1987 q‘ui
1184 1904 1361 1987 regni
1408 1906 1542 1988 ejus
1587 1904 1829 1967 initium
1872 1903 2039 1964 circa
2076 1920 2305 1963 annum
2339 1909 2485 1964 ante

184 2017 516 2080 Christum
558 2023 771 2078 natum
816 2016 941 2078 272
987 2017 1306 2109 probabili
1364 2020 1727 2100 conjectura
1779 2016 1978 2098 ponit.
2061 2016 2133 2076 ld
2182 2022 2392 2076 autem
2438 2014 2494 2076 si

181 2149 421 2193 verum
464 2128 687 2204 suerit,
741 2148 868 2191 non
913 2129 1149 2210 poterit
1193 2129 1301 2192 ille
1342 2130 1581 2211 Sapor,
1642 2129 1758 2191 sub
1806 2149 1933 2210 quo
1978 2127 2257 2191 Christus
2303 2137 2485 2191 natus

188 2243 447 2319 dicitur,
491 2240 659 2303 filius
704 2243 839 2324 eJus
882 2244 1145 2325 proprio
1191 2250 1255 2305 et
1297 2244 1515 2307 stricto
1552 2263 1743 2306 sensu
1778 2241 2107 2324 appellari,
2150 2243 2263 2304 sed
2299 2250 2482 2304 erunt

185 2359 261 2419 in
309 2375 388 2419 eo
432 2357 711 2417 Hamzae
753 2355 1061 2419 laterculo
1107 2356 1354 2439 aliquot
1394 2379 1578 2442 reges
1620 2360 1920 2421 Arsacem
1959 2355 2131 2419 *inter
2174 2363 2236 2419 et
2264 2357 2480 2438 Sapo-

189 2493 331 2536 rem
380 2471 632 2547 omissi,
698 2477 760 2532 et
804 2464 1040 2553 Sapor,
1084 2472 1337 2535 Arsacis
1379 2471 1549 2535 filius
1593 2472 1726 2535 lato
1773 2491 1996 2548 sensu,
2039 2471 2105 2533 id
2150 2479 2248 2533 est
2289 2476 2480 2553 ἔκγο-

191 2610 339 2662 νος,
379 2606 540 2648 uuus
587 2585 667 2647 de
711 2586 1047 2666 nepotibus
1093 2594 1283 2668 atque
1326 2587 1601 2669 posteris
1647 2586 2084 2669 appellandus.
2171 2586 2312 2648 Alia
2355 2586 2508 2648 hac*

84 2735 94 2747 ·
196 2703 280 2765 de
323 2721 394 2763 re
437 2698 984 2782 deprehendemus
1025 2700 1089 2760 in
1132 2700 1478 2777 Abulfeda‚
1525 2700 1782 2782 quando
1827 2700 1880 2761 is
1925 2699 2252 2781 prodierit.

370 2814 488 2877 Hic
531 2814 667 2896 ipse
704 2811 1019 2876 Abulfeda
1054 2812 1223 2876 hunc
1255 2814 1554 2876 Malikum
1596 2814 1684 2876 ait
1725 2822 2012 2894 tempore
2054 2832 2272 2895 regum
2315 2832 2482 2894 pro-

134 2987 141 2990 ,
192 2928 540 2991 vinciarum
596 2943 895 3008 regnasse
951 2934 1013 2988 et
1064 2935 1211 2989 ante
1265 2928 1539 2990 Cosroes
1568 2926 1627 3011 i).
1715 2927 1912 2988 Valde
1956 2928 2248 3008 profecto
2294 2922 2479 3009 οἶμα-

194 3044 334 3115 θῶς
380 3051 443 3105 et
487 3041 774 3105 obscure.
861 3039 1044 3103 Certe
1089 3042 1151 3102 in
1196 3040 1462 3128 historia
1510 3048 1725 3104 vetere
1767 3039 2038 3102 Arabica
2083 3056 2306 3121 parum
2350 3058 2478 3101 no-

192 3157 283 3220 vit
315 3157 652 3219 Abulfeda.
738 3157 942 3237 Reges
989 3154 1118 3237 (aut
1160 3154 1384 3240 reguli)
1427 3154 1895 3238 provinciarum
1939 3153 2339 3237 appellantur
2375 3153 2488 3229 illi,

198 3272 306 3352 qui
351 3270 618 3333 durante
660 3270 1058 3352 Lagidarum‚
1104 3270 1581 3335 Seleucidarum
1627 3277 1744 3332 etc.
1790 3268 2097 3354 dynastia,
2143 3267 2395 3331 sublato
2443 3289 2480 3330 e

197 3384 352 3447 vivis
397 3384 778 3461 Alexandro,
823 3403 1117 3466 graecum
1163 3393 1575 3448 excusserunt
1608 3385 1829 3469 jugum
1875 3389 1938 3446 et
1981 3384 2220 3465 grande
2262 3384 2481 3445 Persi-

196 3519 339 3561 cum
392 3497 725 3579 imperium
779 3498 945 3560 inter
997 3518 1067 3561 se
1125 3498 1718 3582 κατεκερμάτισαν.
1815 3497 2004 3580 Atqui
2045 3498 2168 3560 hos
2213 3498 2375 3561 inter
2416 3471 2487 3557 et

195 3614 472 3675 Cosroes
534 3611 667 3695 (seu
725 3605 906 3693 reges
968 3620 1231 3694 quartae
1290 3609 1532 3695 classis)
1590 3613 1948 3675 intercessit
2004 3613 2221 3676 classis
2283 3611 2483 3684 tertia,

196 3743 426 3808 nempe
451 3726 909 3803 Arsacidarum,
954 3726 1060 3808 qui
1101 3725 1292 3789 finem
1339 3726 1773 3807 imposuerunt
1814 3726 1950 3789 istis
1988 3727 2220 3810 regulis
2268 3733 2330 3787 et
2373 3724 2478 3785 la-

198 3847 479 3902 ceratum
522 3839 855 3921 imperium
897 3842 1208 3905 Persicum
1254 3861 1467 3904 rursus
1512 3841 1676 3903 inter
1717 3861 1788 3903 se
1832 3812 2307 3924 conjunxerunt.

372 3955 498 4017 Sed
544 3957 712 4017 idem
758 3963 966 4017 tamen
1010 3963 1224 4018 narrat
1254 3956 1560 4033 Hamzah,
1606 3957 1777 4039 quod
1812 3975 2036 4036 nempe
2068 3953 2173 4017 hic
2203 3952 2398 4016 Malik
2423 3950 2476 4035 k)

321 4127 359 4198 i)
396 4126 578 4196 Vergl.
612 4124 819 4180 Histor.
857 4126 1147 4180 anteislam.
1185 4127 1268 4180 ed.
1307 4126 1609 4178 Fleischer.
1647 4144 1700 4195 p.
1736 4127 1852 4178 120.

305 4227 359 4299 k)
398 4225 561 4281 Hunc
596 4226 885 4288 Malikum,
926 4224 1094 4279 filium
1112 4224 1342 4287 :1³³th
1381 4219 1731 4279 descendisse
1760 4223 1815 4278 in
1854 4223 2069 4290 ’Oman,
2110 4234 2162 4280 ct
2198 4227 2312 4295 ejus
2349 4225 2470 4277 sra—

199 4336 331 4381 trem
372 4325 613 4380 Salthum
666 4326 720 4378 in
772 4321 1118 4378 es-Scharat
1168 4323 1376 4395 (Syriae
1415 4323 1603 4395 tractu)
1655 4324 1727 4379 ait
1777 4323 1876 4379 lbn
1917 4324 2121 4379 Doraid
2169 4343 2223 4394 p.
2262 4326 2384 4387 459,
2420 4326 2471 4376 3.

198 4423 381 4480 Potest
429 4425 555 4478 inde
604 4442 819 4497 quoque
869 4433 1011 4479 aetas
1059 4424 1215 4505 hujus
1258 4422 1447 4480 Maliki
1489 4424 1729 4494 indagari
1766 4443 1831 4480 ex
1867 4441 2092 4479 numero
2133 4431 2471 4492 posterorum

197 4525 337 4594 ejus,
376 4524 504 4578 ibid.
543 4543 597 4595 p.
630 4525 750 4589 459,
783 4524 834 4577 7.
872 4524 992 4587 461,
1030 4526 1078 4576 6.

2131 4759 2256 4842 „s
