2981 5125
1395 301 1965 378 „192—

541 500 701 564 »sibi
743 493 1147 581 persuaderi,
1214 493 1683 578 desistebatque
1738 513 1776 557 a
1831 493 2288 577 persequendis
2343 495 2694 579 Taglebitis
2757 504 2825 559 et
2873 553 2876 558 ,

541 631 705 695 »pax
758 610 924 673 inter
977 613 1192 690 partes
1247 606 1462 672 fiebat.
1562 606 1868 693 Fugiebat
1913 626 1991 671 eo
2036 615 2324 690 tempore
2368 607 2827 672 el-Mohalbil

542 726 646 787 »in
707 743 872 805 equo
934 739 1054 784 suo
1119 731 1182 785 et
1239 723 1410 806 apud
1463 723 2032 799 Madzhidschitas,
2099 729 2163 786 et
2217 721 2287 785 id
2345 721 2601 803 quidem
2659 722 2829 785 inter

542 836 1024 912 »Dschaubitas,
1065 836 1402 915 residebat,
1446 837 1553 918 qui
1599 838 2043 902 matrimoniali
2085 856 2256 900 nexu
2301 855 2443 898 eum
2480 835 2829 899 studebant

544 952 706 1016 »sibi
752 950 1055 1034 obligare.
1138 948 1364 1012 Filiam
1409 951 1575 1013 enim
1620 951 1790 1035 ejus,
1835 959 1977 1029 aut,
2021 959 2091 1016 ut
2133 950 2241 1014 alii
2285 949 2663 1031 perhibent,
2706 970 2827 1013 so-

544 1084 797 1130 »rorem
851 1062 1218 1148 flagitabant
1271 1065 1337 1127 in
1391 1065 1890 1144 matrimonium,
1950 1074 2014 1129 et
2055 1065 2209 1128 dare
2252 1064 2574 1127 nolentem
2621 1082 2828 1148 coge-

544 1180 789 1253 »bant,-
837 1178 1087 1261 ipsique
1143 1196 1261 1260 pro
1320 1178 1473 1242 dote
1524 1178 1889 1242 Adimiticas
1939 1178 2144 1261 pelles
2189 1178 2433 1242 dabant
2468 1176 2545 1264 f).
2647 1179 2826 1243 Hanc

547 1293 708 1358 »sibi
750 1293 985 1357 factam
1025 1290 1319 1376 injuriam
1361 1289 1788 1356 ulciscebatur
1829 1291 2134 1369 carmine,
2180 1293 2352 1374 quod
2396 1293 2526 1356 hoc
2569 1301 2703 1357 est:

878 1408 1052 1468 »Jam
1097 1405 1330 1469 accidit
1368 1406 1714 1491 Taglebitis
1757 1405 1856 1482 id,
1913 1405 2087 1487 quod
2130 1405 2362 1468 accidit
2402 1404 2579 1469 filiae
2624 1407 2822 1470 nobi-

796 1521 949 1583 lium
994 1520 1074 1582 de
1116 1528 1302 1603 gente
1341 1521 1800 1585 Dschoscham.

892 1633 1120 1709 »Quod
1164 1631 1429 1715 adipisci
1473 1633 1833 1698 el-Arakim
1870 1630 1923 1718 g)
1969 1652 2108 1695 nou.
2142 1640 2362 1715 posset
2378 1677 2412 1711 ,.
2440 1643 2673 1697 coacta
2713 1636 2822 1697 fuit

800 1731 1204 1810 Dschanbitis
1245 1746 1371 1816 vili,
1401 1756 1466 1811 et
1509 1747 1848 1831 despectae
1891 1747 2080 1811 tribui
2116 1748 2385 1824 nubere3
2426 1747 2679 1830 fuitque
2710 1748 2817 1811 dos

805 1862 940 1945 ejus
982 1860 1255 1943 pellicea
1291 1858 1368 1946 h).

896 1974 1193 2038 »Etiamsi
1227 1976 1502 2039 venisset
1531 1974 1682 2038 olim
1706 1975 1746 2062 i)
1784 1994 1923 2039 eam
1955 1983 2287 2061 procatum
2322 1971 2505 2065 0233&
2540 1973 2620 2061 k),
2663 1976 2819 2039 fuis-

803 2097 900 2153 set
939 2096 1151 2152 tamen
1195 2089 1373 2172 proci
1416 2109 1606 2153 nasus
1652 2091 1957 2174 sanguine
2002 2089 2369 2154 maculatus·

890 2202 1123 2266 »Nobis
1166 2203 1425 2267 omnino
1470 2223 1659 2286 pares
1701 2203 1797 2265 illi
1840 2223 1968 2266 non
2013 2210 2176 2279 sunt,
2218 2210 2604 2285 nostraeque
2632 2204 2818 2266 nobi-

810 2316 974 2379 litati
1002 2315 1077 2400 l),
1139 2336 1346 2398 neque
1389 2317 1454 2379 in
1500 2316 1856 2381 humilitate
1902 2326 1965 2381 et
2005 2317 2444 2399 impotentium
2489 2316 2820 2381 afflictione

811 2437 922 2492 ant
960 2429 1026 2490 in
1068 2428 1288 2508 inopia
1330 2429 1670 2511 quidquam
1712 2439 1999 2513 prosunt.

734 2541 1013 2605 »Deinde
1058 2541 1185 2605 duo
1230 2541 1351 2606 sibi
1397 2545 1811 2628 comparabat
1854 2544 2265 2609 el-Mohalhil
2304 2543 2640 2626 mancipia,
2683 2542 2822 2627 qni-

565 2657 865 2720 »buscum
912 2656 1280 2720 excurrebat
1321 2658 1711 2741 praedatum.
1800 2660 1927 2722 Sed
1982 2680 2173 2742 quum
2228 2660 2407 2721 nimis
2462 2658 2571 2721 diu
2618 2658 2824 2721 conti-

566 2778 828 2833 »nuaret
869 2769 996 2832 hoc
1037 2769 1402 2847 institutum,
1448 2772 1785 2855 gravisque
1826 2774 1918 2836 sic
1961 2771 2127 2837 fierit
2167 2773 2344 2855 ipsis,
2388 2780 2454 2836 ut
2491 2772 2602 2855 qui
2637 2772 2825 2835 otium

563 2890 886 2945 »amarent
928 2891 991 2945 et
1034 2883 1356 2962 desidiam,
1401 2884 1829 2951 decernebant
1869 2889 2073 2970 ipsum
2116 2887 2346 2950 tollere
2378 2886 2442 2948 in
2472 2886 2624 2949 loco
2662 2905 2824 2968 quo-

564 2999 749 3062 »dam
788 2997 985 3060 Kafar
1024 2997 1213 3062 dicto.
1301 3000 1482 3076 Quae
1526 3001 1778 3065 illorum
1820 2999 1931 3062 ille
1975 2999 2249 3064 sentiens
2296 2999 2585 3076 consilia,
2629 3019 2826 3081 neque

564 3119 812 3174 »tamen
857 3111 1151 3193 effugium
1196 3111 1318 3174 sihi
1361 3113 1616 3192 videnS,
1664 3113 2008 3177 mandabat
2049 3114 2202 3198 ipsis
2248 3114 2330 3177 ad
2376 3112 2642 3197 gentiles
2685 3132 2825 3178 suos

567 3226 774 3290 »hunc
818 3244 936 3288 sno
979 3226 1236 3287 nomine
1278 3225 1518 3290 referre
1559 3227 1965 3292 versiculum:

906 3337 1104 3413 »Quis
1150 3338 1228 3401 de
1273 3358 1373 3401 me
1416 3340 1707 3417 nunciat,
1748 3341 1921 3423 quod
1967 3340 2382 3404 el-Mohalhil

670 3464 735 3501 αι
912 3450 1006 3511 »Ο
1052 3451 1189 3513 Deo
1236 3450 1430 3515 chara
1474 3453 1657 3537 biga,
1704 3473 1744 3517 o
1785 3456 1927 3517 Deo
1973 3454 2200 3517 charus
2242 3462 2427 3537 pater
2464 3460 2696 3518 vester.

671 3695 720 3769 f)
757 3694 957 3750 Arabia
995 3695 1124 3751 felix
1158 3697 1322 3764 enirn,
1356 3699 1527 3769 patria
1561 3698 2133 3767 Madzhidschitarum,
2171 3700 2459 3755 maximum
2496 3698 2628 3753 facit
2662 3714 2832 3769 nego-

563 3795 698 3850 tium
734 3812 856 3849 cum
893 3794 1126 3866 pellibus
1163 3804 1216 3850 et
1252 3803 1364 3851 arte
1400 3798 1646 3853 coriaria.
1711 3798 1876 3855 ·Hinc
1926 3802 2075 3856 coria
2116 3800 2390 3856 Jemanica
2440 3799 2585 3870 apud
2633 3797 2832 3854 Arabes

566 3903 689 3949 sunt
724 3895 1160 3950 celebratissima.
1232 3893 1395 3949 Adim
1431 3916 1563 3953 vero
1600 3907 1681 3953 est
1712 3918 1880 3971 pagus
1917 3901 1975 3955 in
2010 3918 2139 3972 agro
2175 3899 2384 3956 San'ae.

671 3994 724 4064 g)
764 3993 822 4047 id
857 4002 938 4048 est
972 3993 1243 4065 epitheton
1279 3992 1693 4064 Taglebitarum.

668 4090 724 4162 h)
761 4108 898 4164 quae
934 4093 1141 4158 suisset,
1190 4094 1236 4147 si
1269 4092 1579 4163 Taglebitae
1617 4098 1899 4168 nupsisset,
1935 4099 2143 4172 aliquot
2179 4097 2510 4153 camelorum
2549 4099 2836 4153 centuriae.

688 4190 727 4262 i)
767 4191 979 4262 quando
1022 4191 1197 4247 adhuc
1239 4203 1484 4264 potentes
1523 4206 1575 4251 et
1610 4196 1664 4250 in
1700 4205 1856 4265 gente
1890 4207 2075 4252 nostra
2109 4214 2337 4254 eramus,

673 4290 728 4360 k)
766 4287 1006 4343 Babanin
1044 4299 1124 4345 est
1157 4311 1357 4349 nomen
1404 4298 1600 4366 procul
1648 4297 1817 4353 dubio
1867 4297 2044 4368 magni
2090 4297 2190 4354 viri
2243 4306 2334 4353 aut
2367 4295 2510 4351 forte
2548 4296 2839 4367 praesentis

568 4389 772 4453 mariti,
810 4389 906 4443 sed
941 4389 1181 4459 ignotum
1220 4391 1351 4446 mihi
1388 4394 1710 4468 mirumque.

688 4486 728 4560 l)
760 4486 878 4543 scil.
914 4486 1291 4545 Dschanbitae.
