2981 5125
1048 315 1606 418 *1⁷5-

540 510 672 572 »An
715 509 804 570 ita
847 526 965 588 par
1004 513 1100 569 est
1140 526 1280 569 cum
1329 507 1553 574 vestris
1604 508 1832 590 puellis
1889 508 2020 591 agi,
2082 528 2237 584 voS,
2275 509 2465 572 *inter

453 644 615 705 quos
661 628 807 686 sunt
844 620 998 697 viri,
1042 639 1193 683 vere
1238 619 1390 697 viri,
1434 642 1697 686 numero
1746 641 1977 685 arenae
2020 626 2250 705 pares?
2426 606 2434 615 ’

534 738 668 798 »An
712 753 831 818 par
872 741 986 811 est,
1028 734 1096 795 in
1138 753 1256 796 suo
1300 734 1604 817 sanguine
1646 736 1890 817 puellas
1933 744 2174 800 vestras
2213 738 2308 799 ire
2351 736 2463 800 illo

451 863 669 929 mane,
735 870 860 931 quo
908 849 991 911 ad
1035 868 1188 911 suos
1233 849 1492 936 maritos
1536 867 1812 931 sponsae
1857 858 2104 912 comtae
2150 868 2188 911 a
2233 848 2466 913 mulie-

448 964 622 1026 ribus
668 964 1100 1026 deducuntur?

538 1078 673 1140 »Ad
734 1078 900 1140 hanc
961 1075 1394 1160 indignitatem
1450 1076 1506 1149 si
1563 1095 1693 1138 non
1752 1077 2089 1139 movemini
2148 1077 2231 1139 ad
2287 1078 2464 1155 iram,

450 1199 655 1285 estote
711 1192 1041 1269 muliereS,
1105 1209 1270 1273 quae
1317 1189 1660 1273 collyrium
1721 1210 1756 1253 e
1811 1191 2100 1254 manibus
2158 1210 2286 1253 non
2343 1192 2468 1254 de-

416 1312 709 1388 .ponunh

538 1420 769 1495 »Quod
826 1421 882 1483 si
937 1421 1306 1504 permutatis
1359 1420 1601 1485 vicibus
1658 1425 1921 1482 naturae
1964 1417 2079 1480 viri
2122 1438 2241 1488 nos
2286 1438 2467 1482 esse-

444 1554 603 1610 muS,
646 1555 761 1597 vos
806 1536 1144 1615 foeminae,
1187 1553 1345 1599 sane
1388 1556 1508 1598 nos
1541 1534 1861 1616 indignam
1894 1532 2309 1596 humilitatem
2335 1552 2483 1606 non*

445 1648 881 1713 toleraremus
2069 1636 2074 1643 ⁵

534 1761 799 1843 »Turpis
844 1761 956 1823 ille
999 1767 1321 1841 reputetur
1365 1767 1428 1823 et
1469 1759 1755 1834 infamis,
1813 1758 1951 1841 qui,
2011 1758 2294 1839 quamvis
2337 1777 2466 1819 non

449 1883 624 1937 curet
657 1876 916 1959 injurias
952 1873 1313 1956 profligare,
1359 1881 1566 1935 tamen
1610 1881 1907 1953 tanquam
1940 1892 2298 1953 ¹generosus
2343 1872 2468 1948 ad-

447 1988 768 2050 missarius
812 1988 977 2048 inter
1016 2005 1135 2048 nos
1178 2005 1397 2068 gressu
1443 1985 1720 2067 superbo
1767 1982 2147 2047 deambulat.

535 2100 932 2164 »Moriamini
978 2119 1130 2181 ergo
1175 2108 1245 2162 ut
1285 2096 1402 2162 viri
1452 2097 1701 2159 nobiles
1747 2103 1811 2157 et
1850 2098 2119 2173 strenui,
2165 2106 2228 2159 et
2269 2098 2468 2160 susti-

442 2220 588 2277 nete
623 2204 875 2276 hos'tem
910 2222 1183 2275 vestrum
1217 2211 1517 2288 inbelle,
1562 2210 1817 2293 quando
1856 2210 2056 2288 instar
2091 2212 2230 2295 rogi
2271 2212 2468 2284 ardet.

534 2301 791 2409 »Neque
836 2327 1111 2389 animum
1157 2326 1585 2409 despondete‚
1631 2346 1669 2387 o
1717 2325 1867 2403 viri,
1912 2326 1976 2387 in
2020 2323 2214 2387 bello.
2310 2325 2466 2386 Nam

440 2440 679 2503 bellum
724 2439 980 2524 (jacens)
1039 2459 1081 2503 a
1135 2440 1281 2503 viris
1341 2440 1664 2502 nobilibus
1725 2448 1799 2522 et,
1837 2440 2106 2503 strenuis
2159 2438 2225 2499 in
2269 2438 2466 2520 pedes

445 2555 702 2639 erigitur
736 2549 815 2639 b).
1191 2622 1195 2626 ,

365 2671 672 2735 »Coibant
724 2669 940 2751 itaque
982 2671 1457 2747 Dsehadisitae,
1521 2689 1558 2732 a
1606 2670 1832 2752 quibus
1876 2669 1941 2732 in
1984 2671 2106 2741 hac
2149 2690 2221 2732 re
2264 2669 2470 2732 abso-

185 2789 425 2850 »lutum
472 2784 799 2868 flagitabat
843 2784 1218 2864 obsequium
1264 2784 1658 2860 el-Aswad,
1718 2784 1888 2846 filius
1931 2783 2154 2860 'Afari‚
2222 2792 2293 2849 ut
2334 2789 2470 2845 erat

185 2901 391 2963 »alias
436 2917 704 2980 magnae
744 2896 914 2978 apud
947 2916 1100 2958 suos
1135 2895 1550 2970 auctoritatiS‚
1594 2895 2050 2973 interminatus,
2092 2896 2211 2957 nisi
2246 2913 2471 2977 parere

186 3014 475 3093 »absque
519 3009 1042 3094 tergiversatione
1080 3009 1336 3104 vellent,
1379 3009 1596 3094 gladio
1629 3028 1699 3071 se
1734 3017 2164 3074 transacturus
2195 2991 2469 3070 medium

187 3127 391 3189 »fore
478 3124 687 3200 Quum
731 3125 962 3187 caeteri
1010 3133 1404 3205 opponerent
1446 3122 1727 3186 hostium
1772 3123 2091 3205 potiorem
2137 3130 2200 3185 et
2243 3142 2470 3191 nume-

189 3261 368 3302 »rum
436 3247 500 3302 et
561 3247 968 3321 apparatum,
1034 3237 1365 3322 judicabat
1426 3236 1595 3301 velle
1650 3236 1804 3315 illos
1870 3224 2131 3314 doloso·
2177 3235 2491 3298 convivio.

197 3375 462 3418 »omnes
511 3353 739 3417 tollere
786 3361 849 3415 et
890 3353 1210 3415 venientes
1254 3352 1318 3414 in
1365 3351 1557 3434 largis
1603 3358 1790 3432 atque
1832 3349 2220 3413 'undantibus
2268 3349 2471 3411 vesti-

196 3469 356 3530 »bus
404 3466 532 3529 suis
576 3465 801 3549 gladiis
842 3465 1100 3527 adoriri.
1190 3465 1579 3547 Opponebat
1609 3463 1893 3528 ’Osairah
1927 3462 2152 3548 (soror)
2176 3440 2467 3543 indignos

191 3602 376 3644 »esse
421 3581 596 3642 bono
644 3579 779 3644 viro
825 3579 1034 3656 dolos,
1079 3580 1294 3661 potius
1340 3580 1563 3641 hostes
1589 3577 1669 3639 .in
1703 3578 1833 3640 suis
1863 3577 2119 3640 sedibus
2155 3596 2284 3637 non
2315 3574 2468 3654 opi-
2518 3562 2551 3605 ‘⁸'

190 3703 455 3757 »nantes
503 3702 743 3756 armata
788 3712 979 3755 manu
1025 3676 1170 3755 esse
1206 3692 1623 3768 invadendoS,
1670 3698 1778 3752 aut
1818 3690 2088 3753 honesta
2132 3709 2304 3751 mors
2347 3708 2467 3748 ex-

194 3809 561 3892 »periunda.
649 3786 976 3887 Praestare
1019 3812 1231 3868 tamen
1275 3805 1565 3883 fraudeS,
1612 3805 1823 3887 ajebat
1867 3801 2228 3877 el-Aswad,
2275 3808 2336 3861 et
2380 3800 2466 3862 ita

108 4014 116 4023 ’
186 3999 287 4055 Bei
335 4001 446 4051 Ilm
482 3999 812 4065 el-Wardag
859 3998 1014 4070 Opus
1065 3999 1435 4072 cosmograph.
1487 3998 1571 4053 ed.
1608 3998 1787 4049 Andr.
1834 3993 2146 4063 Hylander.
2204 4011 2323 4064 pag.
2359 3994 2464 4046 210

184 4092 442 4154 komme'n
479 4097 620 4152 noch
657 4097 790 4152 zwei
828 4096 1026 4151 andere
1062 4096 1234 4151 Verse
1271 4079 1457 4161 hinzu,
1511 4097 1598 4150 die
1637 4096 1768 4150 aber
1801 4096 2031 4158 ebenSO,
2080 4093 2183 4147 wie
2222 4093 2309 4146 die
2346 4091 2464 4145 sol-

187 4199 422 4270 genden,
462 4215 595 4267 ganz
632 4178 869 4252 verstellt
903 4197 1013 4250 und
1050 4194 1333 4250 sehlerhaft
1369 4195 1505 4250 sind.
1568 4212 1576 4220 ·

292 4298 349 4369 b)
391 4296 592 4350 Versus
628 4313 737 4349 non
776 4280 917 4359 mali,
959 4294 1068 4359 sed,
1106 4303 1163 4348 ut
1193 4311 1382 4348 omnes
1415 4292 1574 4364 hujus
1611 4293 1838 4362 generis,
1870 4292 2039 4363 spurii
2077 4299 2128 4346 et
2163 4289 2463 4363 hypoboli—

189 4396 361 4461 maei,
399 4412 574 4468 neque
609 4403 739 4465 puto
777 4412 1096 4468 quemquam
1134 4395 1251 4459 lsore
1290 4402 1392 4446 tam
1428 4391 1754 4462 simplicem,
1791 4392 1881 4463 qui
1919 4391 2098 4460 credat
2134 4407 2227 4444 eos
2262 4390 2461 4459 genui—

188 4515 288 4550 nos
326 4505 377 4550 et
411 4504 517 4549 tam
551 4495 798 4566 antiquos
832 4502 987 4566 atque
1024 4482 1373 4550 venditantur.
