2981 5125
1426 344 1519 357 —
1625 295 1787 370 210
1894 344 1983 356 -

576 488 727 550 »filii
760 488 1068 570 Dzobj'an,
1113 504 1300 568 quem
1333 485 1558 548 Chalid
1598 484 1700 547 his
1741 485 2031 551 irritabat
2065 484 2300 548 verbis:
2342 485 2681 563 Annon,·o
2712 486 2849 547 Ha-
2933 569 2934 574 ἵ

575 600 764 676 nith,
821 599 972 660 mihi
1020 599 1285 680 gratiam
1326 601 1639 682 rependes
1684 621 1802 681 pro
1849 599 2196 675 beneficio,
2250 598 2424 681 quod
2466 598 2533 659 in
2579 605 2643 660 te
2688 618 2847 660 con-

572 713 743 789 »tuli,
789 713 1043 794 quando
1091 711 1292 794 gentis
1337 721 1484 775 tuae
1531 687 1855 775 dominum
1898 713 2233 775 Zohai'rum
2281 713 2485 790 occidi
2534 721 2597 775 et
2641 713 2848 778 locum

572 828 725 889 »tibi
781 817 938 902 feci,
997 834 1068 888 ut
1116 827 1323 907 possis
1369 827 1665 890 ducatum
1713 827 1845 910 ejus
1891 835 2096 889 morte
2138 834 2467 889 vacuatum
2515 844 2846 907 occupare.
2933 877 2936 894 ⁴

570 941 1091 1023 »Respondebat
1097 942 1198 1001 el-
1202 940 1444 1016 Harith,
1492 941 1676 1024 digna
1713 941 1833 1021 ipsi
1873 941 2153 1023 praemia
2182 942 2438 1003 daturus
2474 958 2640 1001 esse.
2726 939 2845 1001 Sed

570 1074 868 1136 »egresso
917 1052 1293 1115 el-Haritho
1338 1054 1850 1135 reprehendebat
1895 1054 2227 1117 el-Aswad
2273 1054 2631 1129 Chalidum,
2678 1052 2842 1135 quod
2931 1023 2936 1110 l

570 1188 689 1230 »eo
747 1168 887 1249 ipso
948 1175 1271 1247 tempore,
1335 1186 1524 1248 quum
1581 1167 1861 1247 hospitio
1920 1187 2037 1229 suo
2091 1159 2362 1242 fruatur,
2424 1185 2617 1228 ausus
2663 1164 2842 1227 fuerit
2937 1243 2938 1248 η

570 1302 751 1344 »eum
783 1301 1001 1344 canem
1035 1280 1300 1342 irritare.
1389 1279 1518 1340 Sed
1564 1280 1776 1361 ajebat
1817 1279 2039 1341 Chalid
2082 1280 2148 1342 id
2194 1300 2321 1341 non
2367 1298 2610 1356 curare,
2657 1279 2837 1340 mali-

567 1416 728 1476 »que
772 1395 927 1458 nihil
973 1395 1052 1457 ab
1098 1391 1469 1454 el-Haritho
1505 1401 1898 1473 exspectare3
1945 1395 2083 1455 es‘se
2127 1393 2302 1455 illum
2348 1410 2537 1454 unum
2581 1391 2835 1474 aliquod

569 1531 785 1572 »suum
822 1508 1223 1589 mancipium,
1266 1512 1473 1587 neque
1521 1524 1818 1570 ausurum
1863 1507 2035 1569 illum
2078 1509 2241 1584 fore,
2284 1516 2373 1583 se,
2418 1506 2472 1569 si
2518 1506 2836 1567 dormien-

568 1633 733 1685 »tem
779 1623 943 1684 forte
990 1620 1306 1696 offendat,
1363 1616 1674 1682 excitare}
1746 1623 1848 1685 Sic
1894 1622 2261 1684 discedebat
2304 1621 2527 1685 Chalid
2572 1622 2654 1682 ad
2697 1629 2832 1682 teu·—

568 1738 839 1800 »torium
883 1756 1094 1811 suum,
1155 1733 1263 1794 ubi
1314 1732 1607 1796 similiter
1649 1733 1995 1798 in''0rwat
2038 1733 2446 1810 er-Rabbali
2491 1734 2833 1815 reprehen-

568 1851 867 1913 »sionem-
912 1847 1285 1911 incurrebat.
1390 1831 1638 1928 Deinde
1693 1849 1967 1910 cubitum
2026 1849 2217 1911 ambo
2275 1847 2483 1921 ibant,
2555 1846 2831 1927 servique

568 1965 973 2041 montorium,
1042 1962 1215 2044 quod
1261 1961 1480 2026 ambos
1530 1961 1852 2043 capiebat,
1924 1960 2117 2039 loriS,
2185 1982 2266 2023 ne
2310 1960 2450 2043 quis
2497 1961 2828 2035 accederet,

571 2079 1104 2162 »obstringebant.
1188 2075 1684 2159 Sepultisergo
1714 2112 1720 2117 ·
1747 2096 2000 2138 somno·
2034 2076 2311 2137 omnium
2370 2075 2604 2152 oculis,
2671 2075 2829 2167 exire

569 2216 749 2257 »cum
795 2175 1037 2255 camela
1083 2209 1199 2253 sua
1245 2198 1480 2251 certum
1527 2190 1592 2251 in
1638 2189 1910 2269 aliquem
1958 2188 2167 2251 locum
2204 2190 2474 2273 jubebat
2513 2190 2827 2252 el-Haritb

568 2307 846 2369 »famulo
886 2305 1132 2367 cuidam
1169 2323 1308 2379 suc,
1355 2314 1540 2384 quem
1588 2312 1774 2385 gente
1806 2302 2248 2365 Mobaribitam
2292 2322 2502 2365 secum
2552 2304 2831 2365 adduxe-

569 2428 736 2494 »rat,
781 2419 996 2499 ibique
1041 2436 1112 2477 se
1158 2434 1412 2478 manere
1457 2436 1755 2493 monens3
1802 2417 1922 2478 nisi
1968 2417 2133 2479 adsit
2174 2417 2426 2491 oriente
2464 2416 2832 2500 phosphoro-

569 2531 742 2617 »(seu
785 2531 965 2594 stella
1012 2509 1334 2614 aurorae),
1397 2538 1542 2592 tunc
1598 2530 1717 2612 ipsi
1772 2530 2036 2593 liberam
2093 2531 2411 2615 optionem
2465 2531 2830 2613 permittere,

564 2664 984 2729 »quocunque
1015 2643 1168 2707 velit
1200 2652 1506 2706 terrarum
1530 2646 1780 2726 absque
1822 2644 2127 2708 ulteriore
2170 2647 2645 2728 exspectatione
2690 2665 2832 2709 eva-

568 2762 776 2824 »dere.
859 2762 1004 2841 Ipse
1048 2768 1257 2822 autem
1303 2758 1632 2821 el-Harith
1679 2758 2013 2822 tentorium
2048 2760 2389 2838 inyadebat
2422 2734 2690 2836 Chalidi,
2733 2779 2832 2822 re-

568 2875 921 2955 »sectisque
967 2872 1215 2955 gladic,
1263 2852 1425 2954 quae
1470 2872 1709 2934 aditum
1756 2873 2106 2953 negabant,
2151 2871 2305 2935 loris
2352 2873 2741 2956 subrepebat
2780 2883 2833 2936 et
2943 2934 2944 2939 ,

483 3070 487 3075 ⁹
568 2989 945 3052 »occidebat
977 2987 1327 3050 Chalidum.
1412 2986 1855 3048 Proclamabat
1884 2987 2134 3067 quidem
2173 2986 2424 3050 'Orwab
2471 2990 2636 3070 regis
2681 3009 2833 3071 pro-
2943 2998 2944 3047 Τ

568 3106 970 3177 »tectionem,
1015 3100 1234 3162 turbae
1275 3100 1755 3176 concurrebant,
1800 3120 1957 3179 uxor
2000 3088 2210 3183 aliqua
2259 3103 2618 3165 el-Aswadi
2660 3110 2832 3187 gente

472 3202 478 3207 ¹
569 3216 882 3278 »Amiritis
928 3215 1183 3276 nomine
1229 3213 1772 3277 el-Mostabridah
1819 3214 2143 3277 lacerabat
2185 3216 2417 3290 sinum3
2480 3216 2621 3297 ipse
2673 3226 2857 3291 stre-‚

571 3329 803 3409 »pitum
850 3328 1147 3389 audiebat
1192 3327 1524 3389 el-Aswad
1557 3325 1680 3388 —'.
1767 3328 1891 3390 Sed
1931 3329 2338 3391 nihilominus
2385 3329 2699 3393 evadebat
2739 3330 2833 3393 el-

440 3395 447 3401 ,
561 3441 711 3503 Harl
721 3440 804 3502 th

744 3554 933 3616 »Inde
992 3554 1252 3637 contigit
1304 3563 1518 3618 Jaum
1574 3562 2228 3626 Radschradschan
2255 3555 2346 3641 m).
2441 3558 2685 3640 Nempe
2734 3559 2836 3620 fu-

572 3670 801 3752 »giens
846 3667 958 3729 el-
970 3667 1226 3743 Harith,
1292 3668 1459 3731 filius
1520 3670 1819 3747 Thalimi,
1888 3678 1952 3732 et
1993 3655 2145 3732 nulli
2191 3689 2477 3732 securum
2521 3671 2834 3733 inveniens

570 3783 853 3859 »locum,
900 3784 1147 3844 tandem
1196 3783 1312 3845 sub
1359 3782 1668 3861 Ma’badi,
1722 3785 1836 3847 filii
1881 3785 2192 3861 Zorarah‚
2239 3784 2638 3860 Tamimitae,
2682 3804 2834 3866 pro-

570 3900 942 3960 »tectionem
991 3917 1060 3964 se
1104 3897 1471 3978 recipiebat.
1561 3898 2133 3980 Reprehendebant
2175 3897 2426 3978 quidem
2472 3898 2835 3960 Tamimitae

518 4074 523 4079 ,
571 4011 1001 4085 »Ma’badum,
1069 4012 1242 4092 quod
1300 4012 1637 4075 temerario
1694 4012 1962 4074 consilio
2010 4011 2332 4073 hominem
2379 4011 2753 4073 ominosum·
2782 4020 2839 4074 et

573 4143 851 4199 »omnes,
899 4114 1613 4249 quibuscumversetur,
1663 4126 2096 4209 conjicientem
2142 4127 2205 4186 in
2250 4125 2640 4189 calamitates
2685 4128 2838 4190 tueri

663 4334 736 4427 m)
774 4354 1058 4426 Expressis
1095 4358 1273 4414 verbis
1321 4370 1503 4427 monet
1540 4360 1639 4415 el·
1651 4319 2016 4416 Maidanensis
2064 4379 2183 4416 esse
2221 4361 2448 4413 ΒαΙιναΙι
2454 4380 2528 4412 an
2563 4345 2838 4447 (ji->4³3

564 4463 864 4561 legendum.
