2981 5125
1388 316 1951 402 -86-

537 519 711 573 »erat
762 509 960 572 Maria
1014 504 1060 591 ἦ
1116 519 1258 571 «τοῖν
1315 506 1614 574 ἐνωτίων
1645 506 1704 591 t).
1804 505 2268 587 Fuit·optimus
2324 523 2543 568 eorum
2587 524 2815 588 regum

504 621 682 707 ·»(sc.
728 619 1233 704 Gassanidarum)
1280 629 1342 682 et
1385 593 1658 682 manime
1702 607 1937 683 activus
1982 627 2172 700 atque
2217 619 2584 703 negotiosus
2623 617 2700 703 υ),
2750 626 2821 682 et

539 739 682 820 »qui
727 735 1091 818 longissime
1135 754 1251 796 sua
1293 734 1667 797 circumtulit
1710 753 1905 810 arma,
1951 735 2127 817 cujus
2163 732 2428 796 consilia
2468 740 2651 795 erant
2680 733 2821 795 im-

540 846 1060 932 »perscrutabilia
1100 857 1162 911 et
1196 847 1320 925 cui,*
1358 849 1605 911 ratione
1650 847 1919 911 astutiae
1959 845 2250 924 bellicae,
2290 865 2480 910 nemo
2523 847 2818 928 priorum

542 982 732 1027 »suae
790 959 991 1047 gentis
1048 980 1266 1044 regum
1312 970 1446 1025 erat
1490 961 1972 1044 comparandus
2053 956 2540 1043 Expeditionem
2585 979 2820 1024 susce-

545 1085 766 1162 »perat
807 1078 873 1139 in
918 1076 1192 1154 Chaibar
1235 1083 1298 1139 et
1327 1076 1615 1157 aliquam
1661 1068 2178 1156 civium-partem
2218 1092 2435 1136 secum
2476 1075 2542 1135 in
2587 1073 2821 1136 vincu-

542 1194 656 1256 »lis
689 1197 1144 1275 asportaverat,
1188 1211 1351 1278 quos
1385 1164 1592 1255 tamen
1624 1190 1689 1252 in
1726 1189 1970 1274 Syriam
1998 1187 2290 1251 ⁴reversus
2319 1185 2572 1249 dimisit.
2657 1188 2822 1250 Eum

546 1306 903 1368 »invaserat
945 1277 1338 1395 el-Mondzir
1387 1302 1554 1366 fili'us
1607 1300 2070 1367 Ma-es-samai
2126 1320 2269 1364 cum
2328 1309 2575 1364 centnm
2618 1299 2824 1363 milli-

546 1420 701 1482 »bus
744 1418 1103 1495 hominum,
1164 1418 1280 1480 sed
1325 1415 1655 1481 el-Harith
1703 1437 1842 1482 eum
1888 1416 2053 1480 d'olis
2097 1415 2422 1499 perdebat.
2487 1413 2824 1479 ,Immine-

547 1532 693 1594 »bat
735 1532 854 1613 ipsi
902 1531 1191 1595 nimirum
1237 1540 1485 1596 centum
1529 1531 1702 1598 viros
1756 1530 1969 1613 specie
2027 1530 2378 1613 legatorum
2433 1547 2659 1612 pacem
2703 1550 2821 1593 ro-

549 1645 884 1727 »gantium‚
929 1665 1089 1726 quos
1133 1645 1296 1712 inter
1340 1653 1476 1708 erat
1517 1665 1770 1727 quoque
1808 1644 2011 1707 Labld
2049 1647 2240 1726 potita
2285 1651 2414 1706 tum
2458 1642 2669 1710 adbuc
2705 1644 2821 1727 ju·-

547 1757 760 1819 »venis
797 1757 870 1842 v),
955 1758 1036 1819 Hi
1076 1759 1208 1841 jam
1251 1758 1441 1842 legati
1484 1778 1601 1842 per
1637 1777 1891 1822 causam
1933 1754 2413 1841 componendae
2453 1756 2632 1837 pacis
2679 1755 2821 1819 cin-

548 1871 820 1954 »gebant
862 1871 1275 1936 el-Mondziri
1318 1872 1700 1955 praetorium
1749 1871 1879 1957 (aut
1919 1868 2277 1954 tentorium)
2332 1879 2396 1934 et
2445 1871 2824 1934 occidebant

551 2006 732 2064 »eum
777 1994 840 2048 et
885 1986 992 2067 qui
1036 1979 1202 2051 i'ntus
1249 1996 1429 2051 erant
1474 2007 1726 2063 omnes,
1791 1994 1856 2049 et
1905 1993 2273 2067 perpetrato
2315 1985 2601 2050 facinore
2644 2005 2717 2050 se
2756 1987 2820 2048 in

550 2119 784 2183 »equos
828 2121 979 2164 suos
1025 2102 1463 2186 conjiciebant.
1548 2099 2188 2181 Favebat.aliquibus
2225 2077 2510 2178 fortuna,
2552 2110 2624 2165 nt
2665 2100 2820 2164 salvi

551 2189 963 2291 »evaderent,
1024 2214 1132 2277 alii
1187 2215 1330 2297 ipso
1384 2215 1449 2276 in
1495 2214 1642 2278 loco
1693 2212 1972 2277 confossi
2016 2210 2346 2275 cadebant.
2431 2214 2570 2275 Hac
2614 2222 2822 2277 autem

555 2328 656 2389 »in
722 2307 1143 2416 trepidatione
1189 2328 1574 2392 Gassanieae
1634 2327 1861 2410 copiae
1914 2327 2279 2412 ‚obruebant
2332 2326 2706 2391 Lachmicas
2764 2336 2824 2391 et

556 2442 959 2505 »fundebant
1008 2441 1166 2513 ,Ηίο
1210 2443 1345 2504 dies
1392 2441 1747 2524 appellatus
1805 2443 1921 2505 fuit
1975 2442 2110 2504 dies
2165 2438 2538 2518 Holaimah;
2598 2461 2824 2524 nempe

555 2554 967 2635 »Holaimah,
1031 2556 1218 2640 hujus
1282 2554 1655 2621 el-Harithi
1716 2556 1934 2622 Claudi
1989 2555 2153 2636 filia,
2218 2556 2379 2621 istos
2422 2554 2594 2619 viros
2633 2556 2823 2640 juve—

677 2808 718 2880 t)
753 2808 1013 2867 Dissentit
1045 2810 1317 2877 Hamzah;
1364 2832 1414 2869 v.
1450 2831 1613 2886 supra
1651 2814 1929 2886 disputata.

658 2907 714 2979 u)
750 2907 836 2963 Ad
872 2911 1094 2965 verbum
1133 2907 1160 2963 ὅ
1196 2910 1654 2992 πλανητικῷτατος
1692 2911 1863 2967 αὐτῶν
1900 2909 2035 2966 atavo?
2071 2911 2162 2966 τδν
2189 2908 2330 2985 ὄρνιν
2365 2907 2548 2969 αὐτοῦ.
2619 2911 2827 2967 Arabes

557 3007 621 3061 de
668 3007 885 3064 bomine
932 3010 1113 3066 sedato
1166 3021 1219 3067 et
1262 3014 1410 3083 gravi
1461 2991 1670 3079 dicunt,
1727 3014 1876 3067 sedet
1909 3013 2028 3087 ejus
2063 3015 2206 3080 avis,
2258 3012 2327 3068 de
2360 3010 2629 3085 inquieto,
2676 3014 2830 3067 volat

554 3106 672 3180 qius
708 3111 845 3161 avis.
1335 3167 1341 3173 ⁴
2806 3108 2815 3117 ⁹

543 3272 549 3278 ⁴
661 3206 714 3277 v)
750 3205 1038 3262 Probabile
1073 3228 1183 3265 non
1221 3220 1327 3276 est,
1376 3198 1512 3266 nam’
1545 3211 1718 3267 Labid
1756 3230 1981 3285 ‘semper
2030 3213 2160 3269 savit
2206 3210 2548 3275 Hirensibus.
2622 3210 2828 3268 Interea

558 3313 737 3359 tamen
794 3306 861 3361 de
910 3306 1102 3362 harum
1152 3328 1332 3364 rerum
1386 3320 1556 3366 aetate
1611 3312 1966 3366 testimonium
2004 3312 2282 3384 'praebere
2329 3321 2505 3384 potest
2556 3314 2831 3385 supposita

559 3411 809 3475 tanquam
853 3396 977 3460 vera
1014 3406 1148 3461 haec
1185 3409 1433 3463 narratio.
1518 3409 1688 3464 Lahid
1742 3419 2112 3481 mortuusest
2157 3428 2296 3464 anno
2334 3412 2471 3482 {post
2518 3411 2698 3480 sugam
2749 3412 2832 3475 41,

558 3510 711 3558 natus
748 3523 915 3559 annos
956 3506 1075 3569 157.
1146 3506 1529 3564 Abstrahamus
1569 3510 1678 3582 jam
1730 3527 1759 3563 a
1813 3510 1914 3564 157
1951 3528 2120 3564 annos
2151 3501 2315 3579 'fugae
2350 3506 2415 3564 41
2461 3519 2516 3565 et
2549 3528 2720 3565 annos
2749 3513 2834 3578 53,

543 3594 710 3677 ⁹(quot
746 3585 914 3660 annos
950 3615 1103 3661 natus
1141 3614 1253 3661 erat
1289 3606 1663 3675 Muhammed,
1710 3626 1871 3681 quum
1911 3609 2150 3680 sugeret,)
2189 3608 2506 3664 habebimus
2543 3629 2713 3665 annos
2751 3612 2836 3676 63,

559 3705 614 3758 id
656 3714 736 3759 est
770 3714 871 3772 tot,
911 3715 1042 3779 quot
1077 3714 1381 3783 natuserat
1415 3706 1621 3772 Labtd.
1661 3726 1823 3780 quum
1863 3698 2172 3764 nasceretur
2207 3707 2570 3765 Muhammed.
2641 3707 2833 3765 Pona-

491 3853 496 3859 .
561 3824 678 3860 mus
714 3796 1146 3863 Muhammedem
1184 3804 1251 3867 Α.
1295 3805 1353 3862 C.
1390 3810 1495 3862 570
1532 3818 1713 3862 natum
1749 3827 1893 3875 esse,
1931 3819 2185 3882 sequetur
2219 3808 2482 3863 Labidum
2519 3807 2586 3862 Α.
2629 3807 2690 3864 C.
2728 3810 2835 3866 507

561 3913 744 3958 natum
795 3905 979 3963 fuisse.
1074 3904 1215 3972 Quia
1263 3925 1393 3963 vero
1441 3909 1795 3980 probabiliter
1826 3925 1953 3985 ‘non
2003 3910 2176 3980 potuit
2229 3909 2403 3963 minor
2450 3911 2600 3963 annis
2650 3909 2835 3981 viginti

563 4003 771 4058 bellicis
810 4004 971 4059 rebus
1009 4006 1295 4071 interesse,
1350 4007 1588 4078 sequitur
1625 4024 1748 4060 eum
1785 4005 1912 4060 huic
1950 4007 2275 4078 expeditioni
2308 4006 2375 4061 A.
2412 4005 2471 4062 C.
2509 4008 2615 4062 527
2652 4009 2835 4064 inter-

491 4150 497 4157 .
563 4101 745 4165 fuisse,
782 4103 835 4156 id
873 4112 967 4167 est,
1004 4105 1240 4158 occisum
1280 4104 1446 4159 fuisse
1481 4103 1916 4160 el—Mondzirum
1949 4116 2014 4172 et,
2051 4108 2195 4181 quod
2224 4107 2312 4162 hic
2339 4109 2601 4173 volumuS,
2639 4109 2839 4164 vixisse

564 4199 980 4256 el-HArithum.
1061 4184 1268 4257 Verum
1302 4205 1496 4258 calculi
1534 4204 1771 4260 Hamzae
1809 4224 1908 4260 nos
1946 4224 2012 4262 eo
2049 4206 2340 4271 ducebant,
2362 4246 2365 4251 »
2388 4214 2445 4260 ut
2481 4215 2838 4262 statueremus

562 4301 618 4354 id
667 4301 927 4356 accidisse
975 4300 1113 4357 inter
1156 4300 1224 4356 A.
1276 4301 1337 4357 C.
1374 4305 1482 4359 558
1528 4313 1580 4359 et
1627 4307 1749 4360 562.
1824 4303 1968 4370 Quid
2005 4305 2172 4376 ergo?
2243 4304 2504 4360 Labidum
2553 4321 2617 4359 ea
2669 4313 2838 4360 aetate

563 4400 680 4453 fere
715 4401 1142 4470 sexagenarium,
1180 4412 1322 4458 certe
1358 4405 1479 4475 plus
1516 4423 1674 4477 quam
1713 4405 2193 4477 quintagenarium,
2231 4404 2410 4458 dicere
2438 4402 2688 4472 juvenem
2728 4421 2837 4458 non

476 4484 484 4496 ’
563 4499 705 4553 licet.
776 4497 912 4554 Mihi
953 4511 1195 4572 suspecta
1234 4512 1339 4557 tota
1376 4503 1508 4558 haec
1546 4506 1611 4559 de
1647 4503 1849 4559 Labido
1890 4514 1970 4560 est
2008 4506 2260 4560 narratio.
