2981 5125
1417 281 1980 382 -1ssss.-

565 478 821 541 »oculos
883 494 1140 557 quoque
1198 493 1349 537 suos
1409 473 1786 556 contegebat
1851 482 1912 537 et
1971 474 2327 557 imperabat
2385 497 2503 540 suo
2573 476 2838 552 famulo,

559 591 855 674 »quando
912 609 1127 652 rursus
1184 587 1299 650 illa
1353 587 1651 649 animalia
1706 595 2079 651 consuetum
2119 609 2388 670 pronum
2441 581 2838 672 procedendi

563 706 856 768 »modum
901 702 1324 786 resumserint,
1368 702 1489 764 sibi
1535 699 1910 786 significare.
1997 700 2202 776 Quum
2242 702 2493 765 tandem
2526 703 2657 766 ista
2695 705 2839 766 ani-

562 818 791 884 »malia
834 816 1157 892 abiissent,
1202 815 1393 878 celeri
1435 836 1626 878 cursu
1665 815 1968 879 Tharlfah
2011 835 2081 878 se
2126 835 2382 898 quoque
2424 817 2837 899 proripiebat.

562 934 727 997 »Sed
773 932 856 994 ad
895 930 1187 993 canalem
1233 929 1483 1007 delata,
1549 930 1656 1011 qui
1701 904 1978 993 hortum*
2003 930 2325 1012 cingebat,
2389 931 2452 991 in
2495 951 2631 1012 quo
2675 929 2839 994 'Amr

559 1058 730 1110 »tum
773 1045 1170 1120 versabatur,
1220 1031 1596 1105 subsiliebat
1636 1043 1888 1106 testudo
1934 1062 2012 1106 ex
2057 1062 2224 1125 aqua
2266 1046 2332 1104 in
2370 1043 2537 1106 viam
2585 1043 2837 1108 solum-

565 1180 725 1243 »que
771 1158 1133 1234 continenS,
1163 1190 1168 1196 ·
1200 1164 1262 1220 et
1301 1158 1381 1219 in
1426 1158 2076 1234 dorsumincidebat,
2140 1159 2498 1239 frustraque
2541 1158 2836 1221 studebat

562 1294 668 1338 »se
723 1274 1068 1347 invertere,
1129 1270 1416 1336 manibus
1476 1271 1872 1353 pedibusque
1929 1271 2252 1353 pulverem
2317 1271 2834 1353 apprehendebat

561 1396 663 1451 »et
706 1386 1064 1459 volutabat,
1120 1377 1385 1467 ‘suisque
1448 1385 1751 1449 lateribus
1809 1386 2153 1468 aggerebat
2206 1387 2270 1447 in
2331 1394 2614 1450 ventrem
2659 1385 2831 1451 suam

562 1510 665 1564 »et
708 1494 864 1583 p‘rae
905 1497 1566 1581 trepidatione‘atque
1609 1498 2033 1563 sollicitudine
2077 1498 2259 1561 urina
2301 1520 2416 1563 sua
2456 1521 2526 1563 se
2574 1500 2831 1582 pollue-

563 1615 711 1677 »bat
737 1609 830 1697 in),
913 1612 987 1674 Id
1027 1610 1578 1692 vidensfl'harifat
1600 1614 1910 1677 'el-Chair.
1939 1613 2264 1676 residebat
2297 1614 2362 1674 in
2396 1621 2586 1689 terra,
2634 1615 2830 1686 donec

564 1732 668 1791 »in
730 1745 957 1810 aquam
1016 1724 1309 1789 rediisset
1341 1728 1638 1790 testudo.
1740 1728 1894 1790 Inde
1954 1729 2258 1811 pergebat
2311 1726 2375 1787 in
2433 1727 2694 1790 hortum
2748 1728 2829 1790 ad

564 1837 874 1905 »Amrum.
958 1842 1111 1902 Erat
1153 1839 1362 1902 media
1408 1841 1544 1903 dies
1590 1849 1654 1902 et
1696 1841 2126 1923 praefervida,
2183 1850 2246 1904 et
2288 1841 2548 1904 frondes
2597 1844 2828 1925 absque

561 1966 786 2021 »vento
846 1975 990 2018 sese
1048 1954 1388 2018 introrsum
1425 1963 1507 2017 *et
1549 1955 1846 2042 deorsum
1891 1956 2327 2019 recurvabant.
2412 1960 2570 2020 Eam
2616 1960 2826 2022 videns

560 2072 765 2135 »’-Amr
804 2070 1050 2152 pudore
1107 2067 1586 2130 suffundebatur
1638 2076 1702 2131 et
1754 2069 1929 2131 abire
1988 2067 2269 2150 puellam·
2314 2070 2602 2153 jubebat.
2700 2074 2827 2134 De-

560 2175 764 2262 »inde,
811 2182 1230 2266 quidaffers?
1276 2201 1322 2247 o.
1353 2181 1676 2260 Thartfah,
1723 2183 1952 2266 ajebat.
2041 2184 2201 2246 Tum
2242 2182 2355 2244 illa
2397 2184 2822 2247 enthusiasmo

559 2306 892 2379 »correpta
933 2295 1242 2370 vatidico,
1306 2297 1424 2358 Per
1466 2302 1751 2373 noctem,
1798 2296 2039 2379 ajebat,
2087 2304 2149 2359 et
2191 2317 2305 2378 per
2340 2297 2601 2361 'coelum
2644 2307 2824 2381 atque

560 2421 862 2486 merram,
908 2414 1078 2472 certe
1119 2407 1413 2488 peribunt
1457 2409 1724 2471 arbores
1772 2418 1835 2472 et
1876 2410 2108 2472 redibit
2148 2430 2345 2493 aqua,
2391 2413 2620 2478 utfuit
2666 2421 2827 2476 tem-

561 2543 756 2607 »pore
793 2521 1079 2605 pristino.
1163 2510 1321 2595 'Quis
1359 2520 1468 2584 tibi
1503 2522 1665 2601 haec
1699 2524 2061 2589 nunciavit?
2108 2526 2567 2611 aprat'Amr.·
2619 2528 2829 2614 Signi-

559 2638 870 2702 »ficarunt
910 2637 1094 2713 mihi,
1141 2634 1379 2719 ajebat,
1411 2634 1617 2723 ,glires
1662 2639 1903 2702 rurales
1943 2638 2054 2724 (bie
2095 2639 2387 2726 ᾧαηιβετ)
2430 2661 2634 2705 annos
2676 2658 2827 2725 gra-

562 2773 743 2829 »ves‚
807 2751 874 2813 in
929 2750 1155 2832 quibus
1212 2765 1443 2832 parens
1488 2752 1794 2821 infantem
1826 2754 2241 2833 conscindet,
2305 2748 2405 2838 (ut,
2434 2757 2660 2819 victum
2704 2757 2827 2820 ba-

559 2865 785 2949 »beat).
869 2862 1236 2946 Quidergo
1281 2863 1501 2929 statuis
1546 2865 1952 2930 faciendum?
1998 2868 2247 2950 etquid
2292 2868 2434 2937 ais?
2517 2871 2642 2954 Ajo
2672 2870 2825 2934 illud

561 2980 947 3043 »sodaliumt
1009 2977 1213 3045 Lahfa
1260 2977 1509 3064 (Eheul)
1556 2979 1702 3041 Vidi
1748 2981 2153 3059 testudinem,
2201 3002 2366 3064 quae
2410 2985 2594 3066 qnasi
2636 3004 2823 3050 ever-

565 3084 803 3157 »riculo
868 3092 1188 3175 pulverem
1258 3095 1677 3157 convertebat
1740 3102 1804 3157 et
1870 3095 2113 3158 urinam
2184 3095 2311 3160 late
2376 3082 2721 3181 spargebat
2754 3099 2826 3186 n).

567 3206 833 3272 »Intravi
876 3207 1129 3272 hortum
1175 3214 1238 3269 et
1283 3225 1361 3268 en
1416 3207 1681 3293 arbores
1728 3208 1966 3291 absque
2013 3217 2197 3272 vento
2242 3218 2493 3275 motore
2537 3232 2680 3277 sese
2722 3214 2825 3275 in-

568 3318 980 3384 ».eurvabanb
1066 3316 1233 3391 Quid
1291 3339 1441 3401 ergo
1481 3320 1614 3395 tibi
1672 3321 1752 3384 de
1812 3321 2263 3403 hissffvidetur?
2360 3324 2626 3393 Videtur
2678 3326 2826 3390 mibi

563 3431 1226 3518 »grandisimminere
1272 3441 1750 3516 etportentosa
1796 3436 2142 3509 calamitas.
2252 3436 2431 3511 Quae
2476 3456 2635 3521 ergo
2658 3439 2825 3507 silla?

487 3554 496 3559 “
562 3550 733 3637 »Vae
777 3547 937 3624 tibi,
962 3546 1176 3630 ajebat
1215 3545 1403 3611 ’Amr.
1490 3551 1719 3614 Procul
1762 3551 1956 3615 dubio
2002 3558 2514 3633 portentosa-est
2557 3552 2825 3617 calami-

650 3767 721 3839 m)
759 3766 992 3840 Oppian.
1027 3763 1265 3820 Halieut.
1304 3765 1372 3821 V.
1411 3768 1563 3831 403..
1674 3795 1681 3799 ·

891 3864 959 3926 ὦς
995 3865 1046 3920 δ’
1066 3860 1151 3920 ὅτε
1185 3873 1415 3935 νηπίαχοι
1448 3872 1672 3938 φρονέων
1704 3867 1827 3928 πάϊς
1865 3867 2209 3941 ου’ρεσίφοιτον

886 3962 1119 4038 ἅντρέψῃ
1152 3938 1399 4036 τρηχειῖαι)
1433 3964 1560 4020 ἑλών
1589 3952 1774 4034 χέλυν,
1813 3964 1846 4037 ἤ
1882 3966 1932 4021 δ’
1957 3973 2039 4021 ἐπί
2070 3975 2210 4022 νῶτα
2312 3976 2315 3979 ’

888 4062 1149 4134 κεόιλιμέὲνη
1184 4041 1327 4127 mito}
1363 4062 1531 4116 πολλοὶ
1569 4058 1830 4120 inlaterat*
1855 4056 2015 4128 οὖδας
2050 4040 2284 4132 {nto-9⁶20,

886 4160 1033 4234 ῥικνιὲ
1068 4166 1244 4216 ποδῶν
1279 4171 1511 4228 σείουσα,
1551 4171 1639 4218 καὶ
1674 4163 1873 4233 ἀγκύλα
1909 4164 2138 4235 γούνατα
2172 4164 2359 4238 μόχθῳ
2412 4205 2427 4227 ,-

889 4259 1079 4314 πυκνόν
1115 4266 1497 4333 ἔπισκαίρουσα.

661 4359 715 4430 n)
753 4357 904 4413 Haec
939 4361 1117 4415 omnia
1152 4361 1451 4433 rhythmice
1499 4371 1757 4436 concepta
1806 4372 1928 4420 sunt
1972 4366 2028 4419 in
2077 4364 2325 4420 Arabicis
2374 4374 2426 4420 et
2472 4366 2531 4420 in
2580 4368 2832 4431 versione

559 4459 791 4530 perdunt
826 4474 1039 4513 omnem
1076 4459 1407 4531 elegantiam.
