<?xml version="1.0" encoding="UTF-8"?>
<!DOCTYPE html PUBLIC "-//W3C//DTD XHTML 1.0 Transitional//EN"
    "http://www.w3.org/TR/xhtml1/DTD/xhtml1-transitional.dtd">
<html xmlns="http://www.w3.org/1999/xhtml" xml:lang="en" lang="en">
 <head>
  <title>
</title>
<meta http-equiv="Content-Type" content="text/html;charset=utf-8" />
  <meta name='ocr-system' content='tesseract 3.04.00' />
  <meta name='ocr-capabilities' content='ocr_page ocr_carea ocr_par ocr_line ocrx_word'/>
</head>
<body>
  <div class='ocr_page' id='page_1' title='image "./regnorumarabico00reisgoog_0184.png"; bbox 0 0 2981 5125; ppageno 0'>
   <div class='ocr_carea' id='block_1_1' title="bbox 1396 293 1961 368">
    <p class='ocr_par' dir='ltr' id='par_1_1' title="bbox 1396 293 1961 368">
     <span class='ocr_line' id='line_1_1' title="bbox 1396 293 1961 368; baseline -0.005 -19"><span class='ocrx_word' id='word_1_1' title='bbox 1396 340 1493 349; x_wconf 70' lang='grc'>--,</span> <span class='ocrx_word' id='word_1_2' title='bbox 1604 293 1761 368; x_wconf 75' lang='lat'>154</span> <span class='ocrx_word' id='word_1_3' title='bbox 1870 341 1961 346; x_wconf 55' lang='grc'>-,</span> 
     </span>
    </p>
   </div>
   <div class='ocr_carea' id='block_1_2' title="bbox 541 481 2836 4212">
    <p class='ocr_par' dir='ltr' id='par_1_2' title="bbox 543 481 2836 1014">
     <span class='ocr_line' id='line_1_2' title="bbox 720 481 2835 571; baseline 0 -22"><span class='ocrx_word' id='word_1_4' title='bbox 720 483 974 549; x_wconf 80' lang='lat' dir='ltr'>Tabula</span> <span class='ocrx_word' id='word_1_5' title='bbox 1017 485 1316 571; x_wconf 78' lang='lat' dir='ltr'>septima.</span> <span class='ocrx_word' id='word_1_6' title='bbox 1414 484 1512 546; x_wconf 86' lang='lat' dir='ltr'>Ad</span> <span class='ocrx_word' id='word_1_7' title='bbox 1554 481 1925 558; x_wconf 86' lang='lat' dir='ltr'>Mozainah,</span> <span class='ocrx_word' id='word_1_8' title='bbox 1966 482 2163 545; x_wconf 88' lang='lat' dir='ltr'>filium</span> <span class='ocrx_word' id='word_1_9' title='bbox 2212 483 2614 562; x_wconf 71' lang='lat' dir='ltr'>Thabichah,</span> <span class='ocrx_word' id='word_1_10' title='bbox 2662 506 2835 569; x_wconf 88' lang='lat' dir='ltr'>per-</span> 
     </span>
     <span class='ocr_line' id='line_1_3' title="bbox 550 596 2836 686; baseline -0 -19"><span class='ocrx_word' id='word_1_11' title='bbox 550 606 701 668; x_wconf 82' lang='lat' dir='ltr'><strong>tinet</strong></span> <span class='ocrx_word' id='word_1_12' title='bbox 740 600 952 665; x_wconf 82' lang='lat' dir='ltr'>Ma’kil</span> <span class='ocrx_word' id='word_1_13' title='bbox 990 600 1156 662; x_wconf 89' lang='lat' dir='ltr'>filius</span> <span class='ocrx_word' id='word_1_14' title='bbox 1201 596 1437 673; x_wconf 67' lang='lat' dir='ltr'>sasai-i,</span> <span class='ocrx_word' id='word_1_15' title='bbox 1500 597 1581 658; x_wconf 90' lang='lat' dir='ltr'>de</span> <span class='ocrx_word' id='word_1_16' title='bbox 1626 617 1753 677; x_wconf 87' lang='lat' dir='ltr'>quo</span> <span class='ocrx_word' id='word_1_17' title='bbox 1801 598 1970 659; x_wconf 88' lang='lat' dir='ltr'>Nahr</span> <span class='ocrx_word' id='word_1_18' title='bbox 2012 597 2226 660; x_wconf 88' lang='lat' dir='ltr'>Ma&#39;kil</span> <span class='ocrx_word' id='word_1_19' title='bbox 2267 600 2433 663; x_wconf 86' lang='lat' dir='ltr'>rivus</span> <span class='ocrx_word' id='word_1_20' title='bbox 2481 620 2518 663; x_wconf 90' lang='lat' dir='ltr'>e</span> <span class='ocrx_word' id='word_1_21' title='bbox 2563 603 2836 686; x_wconf 79' lang='lat' dir='ltr'>Tigride</span> 
     </span>
     <span class='ocr_line' id='line_1_4' title="bbox 546 710 2835 802; baseline -0.001 -22"><span class='ocrx_word' id='word_1_22' title='bbox 546 718 763 781; x_wconf 88' lang='lat' dir='ltr'>ductus</span> <span class='ocrx_word' id='word_1_23' title='bbox 780 733 1021 777; x_wconf 76' lang='lat' dir='ltr'>‘nomen</span> <span class='ocrx_word' id='word_1_24' title='bbox 1049 714 1296 794; x_wconf 89' lang='lat' dir='ltr'>accepit</span> <span class='ocrx_word' id='word_1_25' title='bbox 1316 710 1390 797; x_wconf 85' lang='lat' dir='ltr'>y).</span> <span class='ocrx_word' id='word_1_26' title='bbox 1482 714 1633 774; x_wconf 81' lang='lat' dir='ltr'>Item</span> <span class='ocrx_word' id='word_1_27' title='bbox 1656 712 1885 774; x_wconf 83' lang='lat' dir='ltr'>Zohair</span> <span class='ocrx_word' id='word_1_28' title='bbox 1910 711 2076 774; x_wconf 90' lang='lat' dir='ltr'>filius</span> <span class='ocrx_word' id='word_1_29' title='bbox 2098 712 2238 774; x_wconf 90' lang='lat' dir='ltr'>Abu</span> <span class='ocrx_word' id='word_1_30' title='bbox 2262 711 2499 790; x_wconf 87' lang='lat' dir='ltr'>Solma,</span> <span class='ocrx_word' id='word_1_31' title='bbox 2527 720 2728 796; x_wconf 68' lang='lat' dir='ltr'>poeta</span> <span class='ocrx_word' id='word_1_32' title='bbox 2748 717 2835 802; x_wconf 84' lang='lat' dir='ltr'>z);</span> 
     </span>
     <span class='ocr_line' id='line_1_5' title="bbox 543 812 2833 911; baseline -0.001 -18"><span class='ocrx_word' id='word_1_33' title='bbox 543 832 688 893; x_wconf 90' lang='lat' dir='ltr'>item</span> <span class='ocrx_word' id='word_1_34' title='bbox 719 828 845 911; x_wconf 54' lang='lat' dir='ltr'>ljas&#39;</span> <span class='ocrx_word' id='word_1_35' title='bbox 877 827 1043 889; x_wconf 91' lang='lat' dir='ltr'>filins</span> <span class='ocrx_word' id='word_1_36' title='bbox 1079 827 1430 903; x_wconf 81' lang='lat' dir='ltr'>Mo&#39;awiah,</span> <span class='ocrx_word' id='word_1_37' title='bbox 1476 828 1568 889; x_wconf 89' lang='lat' dir='ltr'>vir</span> <span class='ocrx_word' id='word_1_38' title='bbox 1613 845 1650 888; x_wconf 99' lang='lat' dir='ltr'>a</span> <span class='ocrx_word' id='word_1_39' title='bbox 1696 826 2039 909; x_wconf 85' lang='lat' dir='ltr'>sagacitate</span> <span class='ocrx_word' id='word_1_40' title='bbox 2084 812 2339 889; x_wconf 79' lang='lat' dir='ltr'>celeber</span> <span class='ocrx_word' id='word_1_41' title='bbox 2374 826 2456 911; x_wconf 79' lang='lat' dir='ltr'>a);</span> <span class='ocrx_word' id='word_1_42' title='bbox 2501 827 2651 891; x_wconf 90' lang='lat' dir='ltr'>item</span> <span class='ocrx_word' id='word_1_43' title='bbox 2702 851 2833 891; x_wconf 89' lang='lat' dir='ltr'>en-</span> 
     </span>
     <span class='ocr_line' id='line_1_6' title="bbox 543 939 1826 1014; baseline -0.005 -7"><span class='ocrx_word' id='word_1_44' title='bbox 543 942 805 1007; x_wconf 72' lang='lat' dir='ltr'>No&#39;man</span> <span class='ocrx_word' id='word_1_45' title='bbox 848 939 1015 1003; x_wconf 91' lang='lat' dir='ltr'>filius</span> <span class='ocrx_word' id='word_1_46' title='bbox 1056 940 1367 1014; x_wconf 86' lang='lat' dir='ltr'>Mokreni,</span> <span class='ocrx_word' id='word_1_47' title='bbox 1414 941 1543 1003; x_wconf 83' lang='lat' dir='ltr'>dux</span> <span class='ocrx_word' id='word_1_48' title='bbox 1587 940 1826 1003; x_wconf 87' lang='lat' dir='ltr'>Omari.</span> 
     </span>
    </p>

    <p class='ocr_par' dir='ltr' id='par_1_3' title="bbox 541 1023 2827 2142">
     <span class='ocr_line' id='line_1_7' title="bbox 710 1023 2827 1134; baseline 0.001 -18"><span class='ocrx_word' id='word_1_49' title='bbox 710 1051 808 1116; x_wconf 78' lang='lat' dir='ltr'>Ad</span> <span class='ocrx_word' id='word_1_50' title='bbox 850 1052 987 1116; x_wconf 77' lang='lat'>‘001</span> <span class='ocrx_word' id='word_1_51' title='bbox 1030 1052 1230 1115; x_wconf 75' lang='lat' dir='ltr'>filium</span> <span class='ocrx_word' id='word_1_52' title='bbox 1274 1023 1413 1115; x_wconf 69' lang='lat' dir='ltr'>Aba</span> <span class='ocrx_word' id='word_1_53' title='bbox 1456 1054 1718 1129; x_wconf 71' lang='lat' dir='ltr'>Menan,</span> <span class='ocrx_word' id='word_1_54' title='bbox 1766 1060 1828 1114; x_wconf 74' lang='lat' dir='ltr'>et</span> <span class='ocrx_word' id='word_1_55' title='bbox 1871 1052 2126 1134; x_wconf 87' lang='lat' dir='ltr'>quidem</span> <span class='ocrx_word' id='word_1_56' title='bbox 2172 1052 2254 1114; x_wconf 78' lang='lat' dir='ltr'>ad</span> <span class='ocrx_word' id='word_1_57' title='bbox 2297 1055 2471 1117; x_wconf 80' lang='lat' dir='ltr'>Banu</span> <span class='ocrx_word' id='word_1_58' title='bbox 2519 1055 2827 1134; x_wconf 73' lang='lat' dir='ltr'>okaisch,</span> 
     </span>
     <span class='ocr_line' id='line_1_8' title="bbox 543 1165 2822 1252; baseline 0 -19"><span class='ocrx_word' id='word_1_59' title='bbox 543 1168 813 1252; x_wconf 82' lang='lat' dir='ltr'>pertinet</span> <span class='ocrx_word' id='word_1_60' title='bbox 858 1170 1196 1231; x_wconf 86' lang='lat' dir='ltr'>en-Namr</span> <span class='ocrx_word' id='word_1_61' title='bbox 1238 1165 1407 1228; x_wconf 90' lang='lat' dir='ltr'>filius</span> <span class='ocrx_word' id='word_1_62' title='bbox 1454 1166 1751 1244; x_wconf 88' lang='lat' dir='ltr'>Taulabi,</span> <span class='ocrx_word' id='word_1_63' title='bbox 1807 1167 1901 1229; x_wconf 89' lang='lat' dir='ltr'>vir</span> <span class='ocrx_word' id='word_1_64' title='bbox 1945 1185 1981 1228; x_wconf 89' lang='lat' dir='ltr'>a</span> <span class='ocrx_word' id='word_1_65' title='bbox 2027 1167 2357 1242; x_wconf 83' lang='lat' dir='ltr'>facundia,</span> <span class='ocrx_word' id='word_1_66' title='bbox 2401 1170 2582 1251; x_wconf 70' lang='lat' dir='ltr'>poesi</span> <span class='ocrx_word' id='word_1_67' title='bbox 2628 1180 2692 1234; x_wconf 88' lang='lat' dir='ltr'>et</span> <span class='ocrx_word' id='word_1_68' title='bbox 2736 1173 2822 1234; x_wconf 91' lang='lat' dir='ltr'>li-</span> 
     </span>
     <span class='ocr_line' id='line_1_9' title="bbox 541 1279 2823 1360; baseline 0.001 -14"><span class='ocrx_word' id='word_1_69' title='bbox 541 1282 873 1346; x_wconf 82' lang='lat' dir='ltr'>beralitate</span> <span class='ocrx_word' id='word_1_70' title='bbox 919 1281 1189 1343; x_wconf 85' lang='lat' dir='ltr'>celeber.</span> <span class='ocrx_word' id='word_1_71' title='bbox 1274 1281 1369 1342; x_wconf 87' lang='lat' dir='ltr'>Ad</span> <span class='ocrx_word' id='word_1_72' title='bbox 1416 1280 1624 1357; x_wconf 84' lang='lat' dir='ltr'>Taim,</span> <span class='ocrx_word' id='word_1_73' title='bbox 1668 1279 1833 1342; x_wconf 88' lang='lat' dir='ltr'>’Ocli</span> <span class='ocrx_word' id='word_1_74' title='bbox 1875 1280 2165 1355; x_wconf 75' lang='lat' dir='ltr'>fratrem,</span> <span class='ocrx_word' id='word_1_75' title='bbox 2211 1283 2480 1360; x_wconf 87' lang='lat' dir='ltr'>pertinet</span> <span class='ocrx_word' id='word_1_76' title='bbox 2523 1304 2601 1346; x_wconf 92' lang='lat' dir='ltr'>en</span> <span class='ocrx_word' id='word_1_77' title='bbox 2619 1286 2823 1349; x_wconf 82' lang='lat' dir='ltr'>-No&#39;-</span> 
     </span>
     <span class='ocr_line' id='line_1_10' title="bbox 544 1392 2818 1475; baseline 0 -14"><span class='ocrx_word' id='word_1_78' title='bbox 544 1399 686 1461; x_wconf 70' lang='lat' dir='ltr'>man</span> <span class='ocrx_word' id='word_1_79' title='bbox 731 1397 900 1460; x_wconf 88' lang='lat' dir='ltr'>filius</span> <span class='ocrx_word' id='word_1_80' title='bbox 944 1392 1355 1470; x_wconf 70' lang='lat' dir='ltr'>Dschassasi,</span> <span class='ocrx_word' id='word_1_81' title='bbox 1421 1394 1713 1456; x_wconf 87' lang='lat' dir='ltr'>dominus</span> <span class='ocrx_word' id='word_1_82' title='bbox 1773 1402 1836 1457; x_wconf 91' lang='lat' dir='ltr'>et</span> <span class='ocrx_word' id='word_1_83' title='bbox 1891 1394 2083 1456; x_wconf 84' lang='lat' dir='ltr'>heros</span> <span class='ocrx_word' id='word_1_84' title='bbox 2143 1402 2332 1475; x_wconf 86' lang='lat' dir='ltr'>atque</span> <span class='ocrx_word' id='word_1_85' title='bbox 2375 1397 2502 1460; x_wconf 85' lang='lat' dir='ltr'>dux</span> <span class='ocrx_word' id='word_1_86' title='bbox 2546 1398 2818 1463; x_wconf 85' lang='lat' dir='ltr'>tribuum</span> 
     </span>
     <span class='ocr_line' id='line_1_11' title="bbox 544 1506 2817 1595; baseline 0 -21"><span class='ocrx_word' id='word_1_87' title='bbox 544 1510 874 1575; x_wconf 79' lang='lat' dir='ltr'>er-Ribab</span> <span class='ocrx_word' id='word_1_88' title='bbox 921 1509 1225 1571; x_wconf 84' lang='lat' dir='ltr'>dictarum</span> <span class='ocrx_word' id='word_1_89' title='bbox 1272 1507 1337 1568; x_wconf 92' lang='lat' dir='ltr'>in</span> <span class='ocrx_word' id='word_1_90' title='bbox 1384 1506 1633 1588; x_wconf 88' lang='lat' dir='ltr'>proelio</span> <span class='ocrx_word' id='word_1_91' title='bbox 1678 1507 1996 1584; x_wconf 73' lang='lat' dir='ltr'>&#39;l-Colab,</span> <span class='ocrx_word' id='word_1_92' title='bbox 2050 1506 2116 1568; x_wconf 91' lang='lat' dir='ltr'>in</span> <span class='ocrx_word' id='word_1_93' title='bbox 2161 1528 2288 1589; x_wconf 87' lang='lat' dir='ltr'>quo</span> <span class='ocrx_word' id='word_1_94' title='bbox 2335 1510 2563 1573; x_wconf 88' lang='lat' dir='ltr'>cecidit</span> <span class='ocrx_word' id='word_1_95' title='bbox 2607 1532 2645 1573; x_wconf 87' lang='lat' dir='ltr'>a</span> <span class='ocrx_word' id='word_1_96' title='bbox 2687 1534 2817 1595; x_wconf 84' lang='lat' dir='ltr'>po-</span> 
     </span>
     <span class='ocr_line' id='line_1_12' title="bbox 543 1620 2817 1708; baseline -0.001 -18"><span class='ocrx_word' id='word_1_97' title='bbox 543 1625 723 1689; x_wconf 90' lang='lat' dir='ltr'>steris</span> <span class='ocrx_word' id='word_1_98' title='bbox 770 1622 1121 1686; x_wconf 87' lang='lat' dir='ltr'>el-Harithi</span> <span class='ocrx_word' id='word_1_99' title='bbox 1163 1620 1278 1682; x_wconf 89' lang='lat' dir='ltr'>filii</span> <span class='ocrx_word' id='word_1_100' title='bbox 1324 1621 1511 1684; x_wconf 90' lang='lat' dir='ltr'>Ca&#39;bi.</span> <span class='ocrx_word' id='word_1_101' title='bbox 1599 1622 1695 1684; x_wconf 86' lang='lat' dir='ltr'>Ad</span> <span class='ocrx_word' id='word_1_102' title='bbox 1737 1622 1876 1698; x_wconf 91' lang='lat' dir='ltr'>Adi,</span> <span class='ocrx_word' id='word_1_103' title='bbox 1921 1621 2108 1684; x_wconf 87' lang='lat' dir='ltr'>etiam</span> <span class='ocrx_word' id='word_1_104' title='bbox 2146 1620 2306 1684; x_wconf 88' lang='lat' dir='ltr'>’Ocli</span> <span class='ocrx_word' id='word_1_105' title='bbox 2341 1624 2617 1701; x_wconf 83' lang='lat' dir='ltr'>fratrem,</span> <span class='ocrx_word' id='word_1_106' title='bbox 2661 1647 2817 1708; x_wconf 87' lang='lat' dir='ltr'>per-</span> 
     </span>
     <span class='ocr_line' id='line_1_13' title="bbox 546 1727 2813 1818; baseline 0 -15"><span class='ocrx_word' id='word_1_107' title='bbox 546 1739 698 1803; x_wconf 91' lang='lat' dir='ltr'>tinet</span> <span class='ocrx_word' id='word_1_108' title='bbox 739 1727 1311 1812; x_wconf 72' lang='lat' dir='ltr'>Dzu&#39;r-Rhmmah,</span> <span class='ocrx_word' id='word_1_109' title='bbox 1353 1740 1550 1817; x_wconf 70' lang='lat' dir='ltr'>poeta</span> <span class='ocrx_word' id='word_1_110' title='bbox 1596 1736 1850 1799; x_wconf 88' lang='lat' dir='ltr'>celeber</span> <span class='ocrx_word' id='word_1_111' title='bbox 1892 1736 2079 1818; x_wconf 87' lang='lat' dir='ltr'>primi</span> <span class='ocrx_word' id='word_1_112' title='bbox 2122 1744 2271 1818; x_wconf 89' lang='lat' dir='ltr'>post</span> <span class='ocrx_word' id='word_1_113' title='bbox 2312 1737 2813 1803; x_wconf 83' lang='lat' dir='ltr'>Muhammedem</span> 
     </span>
     <span class='ocr_line' id='line_1_14' title="bbox 542 1848 2815 1939; baseline 0.001 -24"><span class='ocrx_word' id='word_1_114' title='bbox 542 1851 759 1915; x_wconf 88' lang='lat' dir='ltr'>seculi.</span> <span class='ocrx_word' id='word_1_115' title='bbox 841 1850 938 1912; x_wconf 93' lang='lat' dir='ltr'>Ad</span> <span class='ocrx_word' id='word_1_116' title='bbox 984 1850 1321 1925; x_wconf 89' lang='lat' dir='ltr'>Thaurum,</span> <span class='ocrx_word' id='word_1_117' title='bbox 1368 1848 1559 1915; x_wconf 86' lang='lat' dir='ltr'>etiam</span> <span class='ocrx_word' id='word_1_118' title='bbox 1603 1849 1760 1914; x_wconf 92' lang='lat' dir='ltr'>&#39;Ocli</span> <span class='ocrx_word' id='word_1_119' title='bbox 1803 1851 2082 1928; x_wconf 87' lang='lat' dir='ltr'>fratrem,</span> <span class='ocrx_word' id='word_1_120' title='bbox 2125 1852 2398 1933; x_wconf 89' lang='lat' dir='ltr'>pertinet</span> <span class='ocrx_word' id='word_1_121' title='bbox 2448 1854 2669 1939; x_wconf 73' lang='lat' dir='ltr'>Sofjan</span> <span class='ocrx_word' id='word_1_122' title='bbox 2716 1865 2815 1918; x_wconf 90' lang='lat' dir='ltr'>et-</span> 
     </span>
     <span class='ocr_line' id='line_1_15' title="bbox 542 1963 2813 2049; baseline 0.002 -22"><span class='ocrx_word' id='word_1_123' title='bbox 542 1964 922 2027; x_wconf 83' lang='lat' dir='ltr'>Thaurensis</span> <span class='ocrx_word' id='word_1_124' title='bbox 970 1971 1032 2025; x_wconf 91' lang='lat' dir='ltr'>et</span> <span class='ocrx_word' id='word_1_125' title='bbox 1078 1963 1387 2038; x_wconf 81' lang='lat' dir='ltr'>er—Rabi&#39;,</span> <span class='ocrx_word' id='word_1_126' title='bbox 1431 1963 1598 2027; x_wconf 91' lang='lat' dir='ltr'>filius</span> <span class='ocrx_word' id='word_1_127' title='bbox 1630 1963 2005 2044; x_wconf 84' lang='lat' dir='ltr'>Chothaimi,</span> <span class='ocrx_word' id='word_1_128' title='bbox 2049 1965 2560 2028; x_wconf 83' lang='lat' dir='ltr'>Mubammedani</span> <span class='ocrx_word' id='word_1_129' title='bbox 2598 1986 2635 2029; x_wconf 85' lang='lat' dir='ltr'>a</span> <span class='ocrx_word' id='word_1_130' title='bbox 2670 1969 2813 2049; x_wconf 88' lang='lat' dir='ltr'>pie-</span> 
     </span>
     <span class='ocr_line' id='line_1_16' title="bbox 544 2078 1015 2142; baseline -0.008 0"><span class='ocrx_word' id='word_1_131' title='bbox 544 2087 668 2142; x_wconf 87' lang='lat' dir='ltr'>tate</span> <span class='ocrx_word' id='word_1_132' title='bbox 712 2078 1015 2141; x_wconf 77' lang='lat' dir='ltr'>celebres,</span> 
     </span>
    </p>

    <p class='ocr_par' dir='ltr' id='par_1_4' title="bbox 542 2189 2812 2728">
     <span class='ocr_line' id='line_1_17' title="bbox 711 2189 2809 2273; baseline 0.002 -19"><span class='ocrx_word' id='word_1_133' title='bbox 711 2192 808 2254; x_wconf 90' lang='lat' dir='ltr'>Ad</span> <span class='ocrx_word' id='word_1_134' title='bbox 851 2190 1024 2253; x_wconf 88' lang='lat' dir='ltr'>filios</span> <span class='ocrx_word' id='word_1_135' title='bbox 1071 2189 1266 2267; x_wconf 57' lang='lat' dir='ltr'>Sami,</span> <span class='ocrx_word' id='word_1_136' title='bbox 1311 2190 1428 2252; x_wconf 86' lang='lat' dir='ltr'>filii</span> <span class='ocrx_word' id='word_1_137' title='bbox 1470 2192 1815 2267; x_wconf 77' lang='lat' dir='ltr'>Dhabbah,</span> <span class='ocrx_word' id='word_1_138' title='bbox 1860 2192 2132 2273; x_wconf 85' lang='lat' dir='ltr'>pertinet</span> <span class='ocrx_word' id='word_1_139' title='bbox 2174 2192 2454 2269; x_wconf 63' lang='lat' dir='ltr'>Thetim,</span> <span class='ocrx_word' id='word_1_140' title='bbox 2498 2193 2667 2257; x_wconf 89' lang='lat' dir='ltr'>filius</span> <span class='ocrx_word' id='word_1_141' title='bbox 2712 2197 2809 2259; x_wconf 91' lang='lat' dir='ltr'>el-</span> 
     </span>
     <span class='ocr_line' id='line_1_18' title="bbox 543 2306 2809 2390; baseline 0.001 -19"><span class='ocrx_word' id='word_1_142' title='bbox 543 2306 897 2381; x_wconf 76' lang='lat' dir='ltr'>Gadhbani,</span> <span class='ocrx_word' id='word_1_143' title='bbox 939 2325 1254 2386; x_wconf 85' lang='lat' dir='ltr'>neocorus</span> <span class='ocrx_word' id='word_1_144' title='bbox 1296 2306 1413 2367; x_wconf 89' lang='lat' dir='ltr'>sub</span> <span class='ocrx_word' id='word_1_145' title='bbox 1447 2307 1835 2390; x_wconf 75' lang='lat' dir='ltr'>Paganismo</span> <span class='ocrx_word' id='word_1_146' title='bbox 1866 2325 2130 2390; x_wconf 80' lang='lat' dir='ltr'>magnae</span> <span class='ocrx_word' id='word_1_147' title='bbox 2175 2307 2270 2370; x_wconf 86' lang='lat' dir='ltr'>vir</span> <span class='ocrx_word' id='word_1_148' title='bbox 2315 2307 2809 2386; x_wconf 82' lang='lat' dir='ltr'>existimationis3</span> 
     </span>
     <span class='ocr_line' id='line_1_19' title="bbox 544 2416 2812 2504; baseline 0.002 -22"><span class='ocrx_word' id='word_1_149' title='bbox 544 2422 692 2482; x_wconf 89' lang='lat' dir='ltr'>item</span> <span class='ocrx_word' id='word_1_150' title='bbox 735 2416 983 2493; x_wconf 67' lang='lat' dir='ltr'>Dhirar,</span> <span class='ocrx_word' id='word_1_151' title='bbox 1025 2416 1191 2480; x_wconf 90' lang='lat' dir='ltr'>filius</span> <span class='ocrx_word' id='word_1_152' title='bbox 1236 2418 1426 2494; x_wconf 83' lang='lat' dir='ltr'>Amri,</span> <span class='ocrx_word' id='word_1_153' title='bbox 1474 2420 1554 2481; x_wconf 91' lang='lat' dir='ltr'>de</span> <span class='ocrx_word' id='word_1_154' title='bbox 1600 2439 1726 2500; x_wconf 89' lang='lat' dir='ltr'>quo</span> <span class='ocrx_word' id='word_1_155' title='bbox 1788 2420 1901 2481; x_wconf 86' lang='lat' dir='ltr'>lbn</span> <span class='ocrx_word' id='word_1_156' title='bbox 1945 2421 2096 2481; x_wconf 88' lang='lat' dir='ltr'>Dor.</span> <span class='ocrx_word' id='word_1_157' title='bbox 2140 2439 2199 2500; x_wconf 90' lang='lat' dir='ltr'>p.</span> <span class='ocrx_word' id='word_1_158' title='bbox 2235 2422 2337 2497; x_wconf 82' lang='lat'>69,</span> <span class='ocrx_word' id='word_1_159' title='bbox 2394 2430 2457 2484; x_wconf 88' lang='lat' dir='ltr'>et</span> <span class='ocrx_word' id='word_1_160' title='bbox 2497 2424 2639 2504; x_wconf 90' lang='lat' dir='ltr'>Abu</span> <span class='ocrx_word' id='word_1_161' title='bbox 2686 2426 2812 2488; x_wconf 90' lang='lat' dir='ltr'>So-</span> 
     </span>
     <span class='ocr_line' id='line_1_20' title="bbox 542 2518 2810 2613; baseline 0.002 -15"><span class='ocrx_word' id='word_1_162' title='bbox 542 2533 798 2600; x_wconf 72' lang='lat' dir='ltr'>wadsch</span> <span class='ocrx_word' id='word_1_163' title='bbox 860 2540 924 2595; x_wconf 91' lang='lat' dir='ltr'>et</span> <span class='ocrx_word' id='word_1_164' title='bbox 981 2529 1203 2607; x_wconf 86' lang='lat' dir='ltr'>Onaif,</span> <span class='ocrx_word' id='word_1_165' title='bbox 1263 2530 1429 2596; x_wconf 83' lang='lat' dir='ltr'>filius</span> <span class='ocrx_word' id='word_1_166' title='bbox 1490 2530 1930 2612; x_wconf 84' lang='lat' dir='ltr'>Dschabalah3</span> <span class='ocrx_word' id='word_1_167' title='bbox 1994 2534 2140 2595; x_wconf 89' lang='lat' dir='ltr'>item</span> <span class='ocrx_word' id='word_1_168' title='bbox 2193 2529 2424 2613; x_wconf 80' lang='lat' dir='ltr'>Malik,</span> <span class='ocrx_word' id='word_1_169' title='bbox 2485 2536 2653 2602; x_wconf 90' lang='lat' dir='ltr'>filius</span> <span class='ocrx_word' id='word_1_170' title='bbox 2713 2518 2810 2602; x_wconf 58' lang='lat' dir='ltr'>el-L</span> 
     </span>
     <span class='ocr_line' id='line_1_21' title="bbox 547 2646 1337 2728; baseline -0.006 -16"><span class='ocrx_word' id='word_1_171' title='bbox 547 2647 905 2724; x_wconf 88' lang='lat' dir='ltr'>Montafiki,</span> <span class='ocrx_word' id='word_1_172' title='bbox 946 2646 1097 2709; x_wconf 87' lang='lat' dir='ltr'>ibid.</span> <span class='ocrx_word' id='word_1_173' title='bbox 1139 2667 1201 2728; x_wconf 90' lang='lat' dir='ltr'>p.</span> <span class='ocrx_word' id='word_1_174' title='bbox 1236 2648 1337 2708; x_wconf 87' lang='lat'>70.</span> 
     </span>
    </p>

    <p class='ocr_par' dir='ltr' id='par_1_5' title="bbox 541 2760 2814 4212">
     <span class='ocr_line' id='line_1_22' title="bbox 716 2760 2809 2850; baseline 0.004 -26"><span class='ocrx_word' id='word_1_175' title='bbox 716 2761 812 2824; x_wconf 86' lang='lat' dir='ltr'>Ad</span> <span class='ocrx_word' id='word_1_176' title='bbox 856 2761 1289 2837; x_wconf 65' lang='lat' dir='ltr'>el-›Gautbum‚</span> <span class='ocrx_word' id='word_1_177' title='bbox 1342 2760 1541 2823; x_wconf 90' lang='lat' dir='ltr'>filium</span> <span class='ocrx_word' id='word_1_178' title='bbox 1585 2760 1801 2836; x_wconf 87' lang='lat' dir='ltr'>Morri,</span> <span class='ocrx_word' id='word_1_179' title='bbox 1845 2762 2158 2842; x_wconf 80' lang='lat' dir='ltr'>pertinent</span> <span class='ocrx_word' id='word_1_180' title='bbox 2200 2763 2417 2843; x_wconf 82' lang='lat' dir='ltr'>Sufah,</span> <span class='ocrx_word' id='word_1_181' title='bbox 2464 2767 2543 2828; x_wconf 92' lang='lat' dir='ltr'>de</span> <span class='ocrx_word' id='word_1_182' title='bbox 2589 2769 2809 2850; x_wconf 89' lang='lat' dir='ltr'>quibus</span> 
     </span>
     <span class='ocr_line' id='line_1_23' title="bbox 545 2873 2814 2963; baseline 0.003 -23"><span class='ocrx_word' id='word_1_183' title='bbox 545 2877 667 2940; x_wconf 86' lang='lat' dir='ltr'>vid.</span> <span class='ocrx_word' id='word_1_184' title='bbox 715 2894 858 2959; x_wconf 88' lang='lat' dir='ltr'>pag.</span> <span class='ocrx_word' id='word_1_185' title='bbox 894 2877 1035 2940; x_wconf 86' lang='lat'>151.</span> <span class='ocrx_word' id='word_1_186' title='bbox 1123 2875 1223 2937; x_wconf 89' lang='lat' dir='ltr'>Ad</span> <span class='ocrx_word' id='word_1_187' title='bbox 1266 2876 1633 2951; x_wconf 85' lang='lat' dir='ltr'>Tamimum,</span> <span class='ocrx_word' id='word_1_188' title='bbox 1676 2874 1872 2938; x_wconf 87' lang='lat' dir='ltr'>Morri</span> <span class='ocrx_word' id='word_1_189' title='bbox 1910 2873 2132 2952; x_wconf 88' lang='lat' dir='ltr'>filium,</span> <span class='ocrx_word' id='word_1_190' title='bbox 2179 2885 2242 2938; x_wconf 90' lang='lat' dir='ltr'>et</span> <span class='ocrx_word' id='word_1_191' title='bbox 2283 2880 2536 2960; x_wconf 86' lang='lat' dir='ltr'>quidem</span> <span class='ocrx_word' id='word_1_192' title='bbox 2582 2883 2665 2944; x_wconf 92' lang='lat' dir='ltr'>ad</span> <span class='ocrx_word' id='word_1_193' title='bbox 2709 2885 2814 2963; x_wconf 73' lang='lat' dir='ltr'>fa-</span> 
     </span>
     <span class='ocr_line' id='line_1_24' title="bbox 546 2987 2813 3077; baseline 0.002 -25"><span class='ocrx_word' id='word_1_194' title='bbox 546 2990 780 3052; x_wconf 90' lang='lat' dir='ltr'>miliam</span> <span class='ocrx_word' id='word_1_195' title='bbox 823 2987 939 3050; x_wconf 89' lang='lat' dir='ltr'>filii</span> <span class='ocrx_word' id='word_1_196' title='bbox 998 2989 1131 3072; x_wconf 89' lang='lat' dir='ltr'>ejus</span> <span class='ocrx_word' id='word_1_197' title='bbox 1172 2988 1378 3064; x_wconf 90' lang='lat' dir='ltr'>Amri,</span> <span class='ocrx_word' id='word_1_198' title='bbox 1439 2990 1755 3070; x_wconf 87' lang='lat' dir='ltr'>pertinent</span> <span class='ocrx_word' id='word_1_199' title='bbox 1799 2987 2278 3069; x_wconf 72' lang='lat' dir='ltr'>el-Habathat,</span> <span class='ocrx_word' id='word_1_200' title='bbox 2342 3013 2378 3056; x_wconf 88' lang='lat' dir='ltr'>e</span> <span class='ocrx_word' id='word_1_201' title='bbox 2422 2997 2654 3077; x_wconf 87' lang='lat' dir='ltr'>quibus</span> <span class='ocrx_word' id='word_1_202' title='bbox 2697 2998 2813 3061; x_wconf 85' lang='lat' dir='ltr'>fuit</span> 
     </span>
     <span class='ocr_line' id='line_1_25' title="bbox 541 3099 2808 3195; baseline 0.005 -30"><span class='ocrx_word' id='word_1_203' title='bbox 541 3101 801 3177; x_wconf 70' lang='lat' dir='ltr'>’Abbad,</span> <span class='ocrx_word' id='word_1_204' title='bbox 841 3099 1009 3186; x_wconf 79' lang='lat' dir='ltr'>filins</span> <span class='ocrx_word' id='word_1_205' title='bbox 1056 3099 1444 3176; x_wconf 84' lang='lat' dir='ltr'>el-Hosaini‚</span> <span class='ocrx_word' id='word_1_206' title='bbox 1487 3101 1679 3164; x_wconf 86' lang='lat' dir='ltr'>heros</span> <span class='ocrx_word' id='word_1_207' title='bbox 1725 3103 2211 3165; x_wconf 86' lang='lat' dir='ltr'>Tamimitarum.</span> <span class='ocrx_word' id='word_1_208' title='bbox 2297 3107 2392 3168; x_wconf 90' lang='lat' dir='ltr'>De</span> <span class='ocrx_word' id='word_1_209' title='bbox 2428 3110 2622 3173; x_wconf 89' lang='lat' dir='ltr'>Amro</span> <span class='ocrx_word' id='word_1_210' title='bbox 2668 3113 2808 3195; x_wconf 87' lang='lat' dir='ltr'>ipso</span> 
     </span>
     <span class='ocr_line' id='line_1_26' title="bbox 544 3213 2810 3305; baseline 0.005 -28"><span class='ocrx_word' id='word_1_211' title='bbox 544 3217 752 3278; x_wconf 89' lang='lat' dir='ltr'>locum</span> <span class='ocrx_word' id='word_1_212' title='bbox 801 3213 1237 3276; x_wconf 87' lang='lat' dir='ltr'>el-Dschauzii</span> <span class='ocrx_word' id='word_1_213' title='bbox 1286 3234 1448 3276; x_wconf 84' lang='lat' dir='ltr'>nunc</span> <span class='ocrx_word' id='word_1_214' title='bbox 1497 3216 1686 3293; x_wconf 88' lang='lat' dir='ltr'>dabo,</span> <span class='ocrx_word' id='word_1_215' title='bbox 1733 3237 1918 3298; x_wconf 84' lang='lat' dir='ltr'>quem</span> <span class='ocrx_word' id='word_1_216' title='bbox 1948 3237 2152 3300; x_wconf 19' lang='lat' dir='ltr'>*supra</span> <span class='ocrx_word' id='word_1_217' title='bbox 2199 3223 2484 3302; x_wconf 79' lang='lat' dir='ltr'>pag.l43</span> <span class='ocrx_word' id='word_1_218' title='bbox 2529 3226 2810 3305; x_wconf 86' lang='lat' dir='ltr'>promisi.</span> 
     </span>
     <span class='ocr_line' id='line_1_27' title="bbox 553 3326 2809 3420; baseline 0.007 -32"><span class='ocrx_word' id='word_1_219' title='bbox 553 3328 794 3403; x_wconf 88' lang='lat' dir='ltr'>»Quum</span> <span class='ocrx_word' id='word_1_220' title='bbox 860 3326 1082 3391; x_wconf 89' lang='lat' dir='ltr'>aetatis</span> <span class='ocrx_word' id='word_1_221' title='bbox 1150 3345 1381 3389; x_wconf 87' lang='lat' dir='ltr'>annum</span> <span class='ocrx_word' id='word_1_222' title='bbox 1439 3328 1765 3401; x_wconf 64' lang='lat' dir='ltr'>⁴decimum</span> <span class='ocrx_word' id='word_1_223' title='bbox 1835 3338 2080 3394; x_wconf 84' lang='lat' dir='ltr'>sextum</span> <span class='ocrx_word' id='word_1_224' title='bbox 2155 3334 2461 3416; x_wconf 84' lang='lat' dir='ltr'>attigisset</span> <span class='ocrx_word' id='word_1_225' title='bbox 2533 3339 2809 3420; x_wconf 81' lang='lat' dir='ltr'>Sapores</span> 
     </span>
     <span class='ocr_line' id='line_1_28' title="bbox 551 3440 2809 3541; baseline 0.007 -39"><span class='ocrx_word' id='word_1_226' title='bbox 551 3440 1066 3526; x_wconf 84' lang='lat' dir='ltr'>»(Scapularius),</span> <span class='ocrx_word' id='word_1_227' title='bbox 1111 3440 1233 3518; x_wconf 89' lang='lat' dir='ltr'>ait,</span> <span class='ocrx_word' id='word_1_228' title='bbox 1284 3441 1369 3525; x_wconf 90' lang='lat' dir='ltr'>(id</span> <span class='ocrx_word' id='word_1_229' title='bbox 1413 3452 1508 3506; x_wconf 90' lang='lat' dir='ltr'>est</span> <span class='ocrx_word' id='word_1_230' title='bbox 1550 3447 1619 3506; x_wconf 86' lang='lat' dir='ltr'>A.</span> <span class='ocrx_word' id='word_1_231' title='bbox 1666 3445 1728 3508; x_wconf 91' lang='lat' dir='ltr'>C.</span> <span class='ocrx_word' id='word_1_232' title='bbox 1775 3447 1919 3531; x_wconf 82' lang='lat'>326)</span> <span class='ocrx_word' id='word_1_233' title='bbox 1977 3449 2221 3510; x_wconf 87' lang='lat' dir='ltr'>Arabes</span> <span class='ocrx_word' id='word_1_234' title='bbox 2264 3448 2377 3511; x_wconf 90' lang='lat' dir='ltr'>ivit</span> <span class='ocrx_word' id='word_1_235' title='bbox 2421 3452 2809 3541; x_wconf 82' lang='lat' dir='ltr'>castigatum,</span> 
     </span>
     <span class='ocr_line' id='line_1_29' title="bbox 548 3554 2811 3645; baseline 0.006 -30"><span class='ocrx_word' id='word_1_236' title='bbox 548 3555 692 3638; x_wconf 87' lang='lat' dir='ltr'>»qui</span> <span class='ocrx_word' id='word_1_237' title='bbox 750 3554 1093 3636; x_wconf 88' lang='lat' dir='ltr'>conspirati</span> <span class='ocrx_word' id='word_1_238' title='bbox 1152 3557 1757 3623; x_wconf 75' lang='lat' dir='ltr'>suumterritorium</span> <span class='ocrx_word' id='word_1_239' title='bbox 1801 3561 1986 3623; x_wconf 83' lang='lat' dir='ltr'>armis</span> <span class='ocrx_word' id='word_1_240' title='bbox 2033 3559 2199 3645; x_wconf 90' lang='lat' dir='ltr'>(dum</span> <span class='ocrx_word' id='word_1_241' title='bbox 2246 3571 2383 3626; x_wconf 84' lang='lat' dir='ltr'>erat</span> <span class='ocrx_word' id='word_1_242' title='bbox 2427 3565 2637 3628; x_wconf 91' lang='lat' dir='ltr'>adhuc</span> <span class='ocrx_word' id='word_1_243' title='bbox 2682 3569 2811 3630; x_wconf 90' lang='lat' dir='ltr'>im-</span> 
     </span>
     <span class='ocr_line' id='line_1_30' title="bbox 547 3667 2808 3763; baseline 0.005 -32"><span class='ocrx_word' id='word_1_244' title='bbox 547 3667 826 3754; x_wconf 88' lang='lat' dir='ltr'>»puber,)</span> <span class='ocrx_word' id='word_1_245' title='bbox 878 3671 1255 3732; x_wconf 84' lang='lat' dir='ltr'>invaserant.</span> <span class='ocrx_word' id='word_1_246' title='bbox 1360 3672 1440 3732; x_wconf 91' lang='lat' dir='ltr'>Et</span> <span class='ocrx_word' id='word_1_247' title='bbox 1494 3673 1730 3753; x_wconf 89' lang='lat' dir='ltr'>primos</span> <span class='ocrx_word' id='word_1_248' title='bbox 1777 3676 2027 3755; x_wconf 89' lang='lat' dir='ltr'>quidem</span> <span class='ocrx_word' id='word_1_249' title='bbox 2072 3684 2366 3757; x_wconf 87' lang='lat' dir='ltr'>posteros</span> <span class='ocrx_word' id='word_1_250' title='bbox 2410 3678 2571 3763; x_wconf 87' lang='lat' dir='ltr'>Ijadi</span> <span class='ocrx_word' id='word_1_251' title='bbox 2614 3681 2808 3744; x_wconf 85' lang='lat' dir='ltr'>Niza-</span> 
     </span>
     <span class='ocr_line' id='line_1_31' title="bbox 549 3783 2810 3869; baseline 0.006 -25"><span class='ocrx_word' id='word_1_252' title='bbox 549 3784 762 3846; x_wconf 78' lang='lat' dir='ltr'>»ridae</span> <span class='ocrx_word' id='word_1_253' title='bbox 804 3783 1037 3859; x_wconf 88' lang='lat' dir='ltr'>caede,</span> <span class='ocrx_word' id='word_1_254' title='bbox 1083 3784 1470 3864; x_wconf 86' lang='lat' dir='ltr'>captivitate,</span> <span class='ocrx_word' id='word_1_255' title='bbox 1516 3789 1971 3869; x_wconf 85' lang='lat' dir='ltr'>proscriptione</span> <span class='ocrx_word' id='word_1_256' title='bbox 2014 3788 2352 3867; x_wconf 87' lang='lat' dir='ltr'>imminuit,</span> <span class='ocrx_word' id='word_1_257' title='bbox 2399 3792 2630 3856; x_wconf 90' lang='lat' dir='ltr'>deinde</span> <span class='ocrx_word' id='word_1_258' title='bbox 2679 3797 2810 3857; x_wconf 85' lang='lat' dir='ltr'>Ta-</span> 
     </span>
     <span class='ocr_line' id='line_1_32' title="bbox 549 3896 2808 3984; baseline 0.007 -28"><span class='ocrx_word' id='word_1_259' title='bbox 549 3898 855 3960; x_wconf 89' lang='lat' dir='ltr'>»mimitas</span> <span class='ocrx_word' id='word_1_260' title='bbox 890 3896 1103 3959; x_wconf 86' lang='lat' dir='ltr'>afflixit</span> <span class='ocrx_word' id='word_1_261' title='bbox 1128 3898 1191 3958; x_wconf 92' lang='lat' dir='ltr'>in</span> <span class='ocrx_word' id='word_1_262' title='bbox 1225 3897 1623 3978; x_wconf 86' lang='lat' dir='ltr'>el-Babrain,</span> <span class='ocrx_word' id='word_1_263' title='bbox 1670 3903 1890 3983; x_wconf 89' lang='lat' dir='ltr'>quibus</span> <span class='ocrx_word' id='word_1_264' title='bbox 1938 3911 2065 3965; x_wconf 91' lang='lat' dir='ltr'>tum</span> <span class='ocrx_word' id='word_1_265' title='bbox 2108 3915 2403 3984; x_wconf 87' lang='lat' dir='ltr'>praeerat</span> <span class='ocrx_word' id='word_1_266' title='bbox 2431 3910 2599 3984; x_wconf 86' lang='lat' dir='ltr'>Amr,</span> <span class='ocrx_word' id='word_1_267' title='bbox 2644 3908 2808 3972; x_wconf 82' lang='lat' dir='ltr'>filius</span> 
     </span>
     <span class='ocr_line' id='line_1_33' title="bbox 547 4009 2809 4105; baseline 0.007 -36"><span class='ocrx_word' id='word_1_268' title='bbox 547 4009 870 4085; x_wconf 51' lang='lat' dir='ltr'>»Tamimss</span> <span class='ocrx_word' id='word_1_269' title='bbox 910 4011 1005 4072; x_wconf 88' lang='lat' dir='ltr'>vir</span> <span class='ocrx_word' id='word_1_270' title='bbox 1039 4012 1173 4094; x_wconf 81' lang='lat' dir='ltr'>jam</span> <span class='ocrx_word' id='word_1_271' title='bbox 1221 4020 1315 4073; x_wconf 91' lang='lat' dir='ltr'>ter</span> <span class='ocrx_word' id='word_1_272' title='bbox 1361 4023 1604 4077; x_wconf 88' lang='lat' dir='ltr'>centum</span> <span class='ocrx_word' id='word_1_273' title='bbox 1651 4017 1829 4077; x_wconf 90' lang='lat' dir='ltr'>annis</span> <span class='ocrx_word' id='word_1_274' title='bbox 1875 4020 2096 4100; x_wconf 85' lang='lat' dir='ltr'>maj0r,</span> <span class='ocrx_word' id='word_1_275' title='bbox 2140 4038 2327 4099; x_wconf 86' lang='lat' dir='ltr'>quem</span> <span class='ocrx_word' id='word_1_276' title='bbox 2366 4018 2809 4105; x_wconf 22' lang='lat' dir='ltr'>(ob&#39;imbecil-</span> 
     </span>
     <span class='ocr_line' id='line_1_34' title="bbox 550 4121 2805 4212; baseline 0.007 -29"><span class='ocrx_word' id='word_1_277' title='bbox 550 4121 846 4207; x_wconf 82' lang='lat' dir='ltr'>»litatem)</span> <span class='ocrx_word' id='word_1_278' title='bbox 904 4124 1199 4188; x_wconf 86' lang='lat' dir='ltr'>solebant</span> <span class='ocrx_word' id='word_1_279' title='bbox 1242 4126 1304 4187; x_wconf 90' lang='lat' dir='ltr'>in</span> <span class='ocrx_word' id='word_1_280' title='bbox 1351 4128 1579 4208; x_wconf 88' lang='lat' dir='ltr'>qualo,</span> <span class='ocrx_word' id='word_1_281' title='bbox 1647 4149 1681 4191; x_wconf 93' lang='lat' dir='ltr'>e</span> <span class='ocrx_word' id='word_1_282' title='bbox 1726 4128 2074 4209; x_wconf 88' lang='lat' dir='ltr'>palmarum</span> <span class='ocrx_word' id='word_1_283' title='bbox 2116 4131 2285 4194; x_wconf 87' lang='lat' dir='ltr'>foliis</span> <span class='ocrx_word' id='word_1_284' title='bbox 2332 4142 2661 4212; x_wconf 84' lang='lat' dir='ltr'>contexte,</span> <span class='ocrx_word' id='word_1_285' title='bbox 2724 4136 2805 4198; x_wconf 85' lang='lat' dir='ltr'>ad</span> 
     </span>
    </p>
   </div>
   <div class='ocr_carea' id='block_1_3' title="bbox 546 4285 980 4295">
    <p class='ocr_par' dir='ltr' id='par_1_6' title="bbox 546 4285 980 4295">
     <span class='ocr_line' id='line_1_35' title="bbox 546 4285 980 4295; baseline 0 830"><span class='ocrx_word' id='word_1_286' title='bbox 546 4285 980 4295; x_wconf 95' lang='lat' dir='ltr'> </span> 
     </span>
    </p>
   </div>
   <div class='ocr_carea' id='block_1_4' title="bbox 648 4364 2504 4544">
    <p class='ocr_par' dir='ltr' id='par_1_7' title="bbox 648 4364 2504 4544">
     <span class='ocr_line' id='line_1_36' title="bbox 648 4364 2504 4454; baseline 0.009 -29"><span class='ocrx_word' id='word_1_287' title='bbox 648 4371 704 4444; x_wconf 82' lang='lat' dir='ltr'>y)</span> <span class='ocrx_word' id='word_1_288' title='bbox 741 4370 838 4427; x_wconf 90' lang='lat' dir='ltr'>lbn</span> <span class='ocrx_word' id='word_1_289' title='bbox 875 4373 1004 4429; x_wconf 87' lang='lat' dir='ltr'>Dor.</span> <span class='ocrx_word' id='word_1_290' title='bbox 1043 4393 1158 4447; x_wconf 81' lang='lat' dir='ltr'>pag.</span> <span class='ocrx_word' id='word_1_291' title='bbox 1198 4364 1283 4433; x_wconf 81' lang='lat'>64.</span> <span class='ocrx_word' id='word_1_292' title='bbox 1621 4384 1669 4454; x_wconf 90' lang='lat' dir='ltr'>z)</span> <span class='ocrx_word' id='word_1_293' title='bbox 1708 4384 1811 4438; x_wconf 84' lang='lat' dir='ltr'>vid.</span> <span class='ocrx_word' id='word_1_294' title='bbox 1844 4382 2058 4454; x_wconf 83' lang='lat' dir='ltr'>Prolog.</span> <span class='ocrx_word' id='word_1_295' title='bbox 2097 4385 2164 4439; x_wconf 82' lang='lat' dir='ltr'>ad</span> <span class='ocrx_word' id='word_1_296' title='bbox 2199 4384 2504 4443; x_wconf 79' lang='lat' dir='ltr'>Tharafam.</span> 
     </span>
     <span class='ocr_line' id='line_1_37' title="bbox 654 4469 1308 4544; baseline 0.009 -20"><span class='ocrx_word' id='word_1_297' title='bbox 654 4471 703 4543; x_wconf 82' lang='lat' dir='ltr'>a)</span> <span class='ocrx_word' id='word_1_298' title='bbox 740 4469 953 4544; x_wconf 83' lang='lat' dir='ltr'>Prolog.</span> <span class='ocrx_word' id='word_1_299' title='bbox 997 4475 1063 4527; x_wconf 83' lang='lat' dir='ltr'>ad</span> <span class='ocrx_word' id='word_1_300' title='bbox 1095 4474 1308 4530; x_wconf 83' lang='lat' dir='ltr'>Tharaf.</span> 
     </span>
    </p>
   </div>
  </div>
 </body>
</html>
