2981 5125
1388 312 1958 384 .--53-—

538 504 690 566 bum
743 509 805 565 et
845 498 1296 576 Mohalhilum,
1363 501 1537 582 quod
1595 498 1812 579 nequit
1871 498 2168 574 concedi,
2229 505 2337 562 aut
2392 492 2829 564 concedamus

538 635 799 679 necesse
844 623 964 693 est,
1013 614 1188 696 quod
1231 615 1399 676 idem
1444 620 1665 675 auctor
1708 634 1769 695 p.
1808 615 1952 676 164.
1994 635 2044 674 r.
2088 613 2207 690 ait,
2254 632 2396 674 eum
2442 615 2568 677 450
2612 633 2829 677 annos

536 730 771 792 vixisse
818 737 882 792 et
922 748 1111 811 super
1160 726 1495 789 Kodha'ah
1555 726 1682 788 250
1736 745 1937 789 annos
1991 745 2322 809 regnasse3
2385 727 2560 806 quod
2603 727 2832 797 mani-

537 845 763 907 festum
809 843 1219 906 mendacium.
1303 840 1508 903 Etiam
1551 841 1679 903 hoc
1723 860 1851 904 non
1898 840 2194 917 concilio,
2239 841 2411 921 quod
2456 840 2824 903 el—Maida-

536 959 748 1020 nensis
796 955 876 1040 (p.
919 958 1065 1020 581.
1113 957 1190 1019 13
1239 964 1299 1018 et
1342 957 1488 1018 667.
1539 953 1637 1038 15)
1699 954 1846 1017 dicit
1903 953 2146 1016 ’Ausum
2200 952 2401 1018 filium
2441 956 2829 1035 Mohallimi,

534 1070 650 1132 filii
693 1070 913 1152 Dzohl,
958 1069 1073 1132 filii
1119 1069 1478 1146 Schaibani,
1527 1068 1644 1130 sub
1690 1068 1817 1130 hoc
1858 1065 2067 1129 ’Amro
2114 1066 2345 1131 vixisse
2390 1077 2452 1131 et
2492 1071 2662 1132 idem
2710 1080 2829 1133 ta—

536 1204 678 1246 men
726 1183 806 1268 (p.
851 1185 994 1246 596.
1038 1181 1141 1266 39)
1192 1184 1307 1259 ait,
1351 1174 1539 1266 hujus
1584 1180 1744 1244 ’Aufi
1788 1180 1981 1243 filiam
2025 1181 2220 1243 fuisse
2265 1201 2525 1245 uxorem
2572 1182 2828 1246 (31-Ηέ-

534 1299 682 1360 rithi
725 1297 840 1360 filii
884 1296 1072 1360 'Amri
1114 1298 1442 1373 Kinditae,
1497 1298 1601 1379 qui
1649 1296 2033 1370 el-Harith,
2088 1303 2154 1359 ut
2197 1314 2385 1376 supra
2431 1296 2824 1375 dicebamuS,

537 1432 688 1474 avus
736 1419 832 1473 est
878 1420 1194 1474 maternus
1235 1411 1423 1494 hujus
1467 1409 1660 1473 'Amri
1697 1410 1811 1472 filii
1850 1410 2114 1472 Hindae.
2199 1410 2377 1474 Multi
2420 1410 2529 1473 alii
2570 1412 2823 1475 florue-

535 1535 679 1588 runt
720 1526 845 1587 hoc
890 1534 1198 1606 tempore,
1243 1546 1512 1607 quorum
1554 1525 1791 1607 passim
1833 1523 1905 1585 fit
1947 1523 2199 1613 mentio,
2258 1532 2322 1586 et
2362 1544 2441 1587 ex
2480 1532 2659 1606 parte
2707 1524 2822 1587 fiet
2885 1594 2886 1599 η

534 1641 683 1720 Cap.
712 1641 840 1735 IV..
901 1639 1188 1704 Procedo
1215 1639 1430 1720 itaque
1460 1639 1542 1701 ad
1571 1639 1757 1722 hujus
1785 1636 1973 1700 'Amri
2002 1637 2262 1700 fratrem
2292 1646 2355 1701 et
2382 1657 2818 1702 successorem

1428 1847 1798 1904 Kabusum
1825 1836 1903 1926 Ἴ.

710 1986 1049 2068 »Regnavit
1083 1986 1136 2047 is
1174 1991 1447 2067 quatuor
1484 2003 1689 2047 annos
1723 1984 1840 2047 sub
1873 1981 2393 2058 Anuschirwano,
2439 1982 2635 2045 verba
2671 1992 2819 2045 sunt

535 2099 848 2161 »Hamzae
887 2099 945 2184 t).
1034 2101 1304 2175 Quidam
1351 2113 1493 2163 eum
1535 2106 1780 2180 negant·
1801 2115 2119 2181 regnasse,
2162 2094 2278 2157 sed
2315 2094 2579 2157 honoris
2621 2114 2814 2158 causa

534 2221 812 2275 »tantum
857 2214 1053 2278 fuisse
1113 2235 1329 2297 regem
1390 2213 1809 2295 appellatum,
1857 2210 2015 2292 ¹quia
2060 2217 2122 2271 et
2163 2215 2408 2290 patrem
2453 2216 2516 2271 et
2557 2192 2812 2272 fratrem

536 2327 865 2388 »habuerit
906 2348 1106 2412 reges,
1211 2328 1465 2417 Placido
1511 2327 1631 2390 suit
1673 2324 2141 2405 commodoque
2181 2322 2472 2406 ingenio,
2533 2323 2814 2404 ideoque

534 2418 761 2536 »tm-²³5
815 2451 950 2505 ἔδαε
1011 2440 1290 2526 (tentatio
1336 2460 1602 2504 nuruum
1649 2446 1711 2501 et
1751 2435 2145 2521 sponsarum)
2207 2436 2582 2518 appellatus·
2686 2437 2811 2500 Alii

533 2566 782 2620 »tamen
825 2564 1033 2620 mente
1073 2554 1346 2619 debilem
1391 2561 1454 2618 et
1497 2554 1646 2617 ideo
1696 2560 2077 2616 contemtum
2120 2551 2470 2635 perhibent.
2566 2550 2815 2616 Occidit

532 2692 715 2734 »eum
744 2671 990 2754 -aliquis
1027 2669 1417 2733 Jaschcorita
1461 2675 1527 2730 et
1568 2668 1775 2750 spolia
1822 2668 1955 2751 ejus
1993 2686 2110 2750 per
2142 2666 2341 2729 tribus
2374 2666 2807 2730 circumtulit.«

528 2787 793 2848 Tantum
833 2785 960 2847 ille.
2397 2850 2406 2864 ἂ

694 2898 998 2979 ‘Superius
1055 2897 1422 2981 collegimus
1476 2896 1751 2959 'Amrum
1812 2913 1980 2956 anno
2042 2892 2270 2955 Christi
2322 2896 2448 2957 574
2511 2896 2778 2976 desiisse
2793 2915 2809 2972 ;

527 3013 797 3077 desierit
841 3016 1053 3096 itaque
1112 3012 1218 3076 hic
1276 3031 1442 3075 anno
1503 3008 1878 3088 578—5793
1942 3015 2003 3071 et
2054 3008 2184 3084 hoc
2237 3008 2487 3091 egregie
2542 3010 2813 3090 quadrat

525 3146 667 3188 cum
713 3128 1139 3207 sequentibus.
1196 3126 1326 3187 *Ait
1370 3126 1534 3188 enim
1577 3124 1765 3209 hujus
1802 3123 2040 3186 Kahusi
2082 3137 2512 3184 successorem
2562 3124 2811 3184 consti—

521 3244 720 3300 tutum
746 3239 824 3300 ab
842 3238 1337 3301 Anuschirwano
1366 3238 1740 3321 interregem
1766 3240 2021 3300 Persam
2044 3254 2277 3297 annum
2297 3255 2484 3296 unum
2506 3255 2811 3318 regnasse

527 3358 588 3412 et
628 3335 815 3431 haeujus
858 3353 1088 3413 Persae
1136 3359 1608 3429 successorem,
1660 3350 1898 3413 Kabusi
1944 3350 2232 3424 fratrem,
2287 3348 2812 3413 el-Mondzirum

525 3464 1018 3545 quartum‘octo
1084 3481 1334 3527 menses
1393 3466 1457 3527 in
1518 3486 1717 3549 regno
1776 3464 1891 3527 suh
1949 3462 2441 3526 Anuschirwano
2503 3465 2809 3547 exegisse,

526 3576 697 3659 quod
742 3587 1032 3639 accurate
1077 3578 1141 3640 in
1185 3597 1414 3640 annum
1452 3579 1679 3642 Christi
1726 3580 1851 3642 580
1895 3576 2133 3652 incidit,
2177 3595 2303 3658 quo
2348 3578 2548 3638 nostri
2594 3577 2813 3640 dicunt

521 3691 802 3754 Cosroen
830 3689 1018 3774 (idem
1069 3702 1162 3756 est
1205 3712 1345 3754 cum
1383 3691 1902 3775 Anuschirwano)
1934 3691 2214 3773 periisse.
2279 3691 2628 3754 Nuwairius
2657 3692 2808 3754 huic

523 3807 780 3870 Kabuso
843 3807 1060 3871 tribuit
1102 3825 1302 3869 annos
1348 3808 1467 3883 30,
1535 3796 2066 3890 quemadmodum
2112 3805 2246 3888 ejus
2291 3806 2466 3867 fratri
2509 3813 2571 3868 et
2614 3814 2810 3867 ante·
2866 3801 2870 3806 ’

526 3922 831 3998 cessori,·
872 3923 979 4004 qui
1048 3922 1128 3985 16
1194 3940 1395 3984 annos
1456 3923 1771 4005 regnavit,
1845 3921 2059 3983 tribuit
2120 3910 2443 4001 sexaginta
2502 3920 2806 4001 Nugator.

524 4035 934 4096 Transilierat
985 4055 1212 4118 nempe
1268 4042 1537 4117 quatuor
1578 4037 1679 4098 vel
1723 4034 1998 4118 quinque
2041 4053 2255 4117 reges,
2318 4033 2592 4102 debebat
2646 4054 2803 4116 ergo

1055 4182 1094 4190 ω

644 4298 684 4369 ·)
721 4283 1037 4368 Appellatur
1069 4283 1287 4382 &5532ss
1316 4287 1401 4375 ,ὁ
1437 4310 1489 4357 et
1517 4303 1614 4358 sub
1644 4321 1709 4358 eo
1742 4303 1840 4358 suit
1872 4279 2081 4348 ’ἀὲ-ἑὼ
2116 4310 2233 4382 ffi-A.
2308 4303 2583 4355 Dsclaerir.
2616 4301 2805 4358 Schol.
2869 4337 2878 4347 ·

524 4423 639 4477 pag.
683 4406 801 4461 118.

649 4506 684 4577 t)
722 4507 805 4561 ed.
838 4507 1165 4562 Goetwaldt.
1203 4526 1322 4581 pag.
1365 4510 1484 4565 110.
