2981 5125
1376 315 1936 391 —223...

864 505 1087 581 »Quod
1133 504 1421 567 Badridis
1465 504 1667 587 dignis
1712 506 1919 568 modis
1963 505 2395 587 rependerim,
2450 508 2655 569 caede
2705 508 2816 569 ni—

776 624 1032 697 mirum,
1078 640 1244 702 quae
1290 620 1526 682 talione
1569 639 1697 680 non
1744 619 2188 696 vindicabitur,
2236 628 2354 682 etc.

697 739 997 798 »Tantam
1045 735 1285 796 cladem
1341 755 1531 815 quum
1578 732 1747 814 passi
1796 740 2009 795 essent
2052 737 2115 798 οἱ
2158 735 2275 815 τῆς
2315 733 2589 810 Habati,
2659 736 2812 797 coi-

524 852 714 913 »bant
756 848 1235 924 Gathafanidae,
1279 848 1521 910 facinus
1564 845 1632 907 id
1674 846 1891 929 ingens
1940 855 2002 908 et
2043 845 2447 909 intolerabile
2493 858 2811 930 reputan-

522 974 675 1027 »tes‚
759 961 1198 1043 Intelligebant
1240 961 1387 1024 inde
1422 960 1701 1033 Absitae,
1746 957 1921 1021 nullo
1968 961 2163 1021 modo
2210 980 2280 1023 se
2325 981 2518 1042 posse
2562 962 2626 1022 in
2666 970 2809 1024 ter-

524 1077 784 1140 »ritorio
838 1075 1405 1140 >Gathafanidarum
1464 1074 1804 1154 persistere
1838 1074 1911 1157 8).
2017 1076 2355 1155 Propterea
2418 1076 2680 1138 exibant
2739 1077 2804 1138 in

524 1196 902 1255 »Jamamam
965 1200 1029 1255 et
1088 1188 1556 1252 descendebant
1613 1186 1972 1273 (κατέλυον)
2029 1189 2193 1251 inter
2243 1190 2593 1252 avunculos
2651 1212 2804 1253 suos

525 1305 907 1367 »Hanefitas.
994 1305 1088 1366 Ab
1146 1302 1249 1364 his
1309 1302 1663 1363 transibant
1713 1302 1796 1364 ad
1855 1300 2650 1368 Sa’d—Zaid-MenatitaS.
2735 1307 2807 1368 Id

524 1420 732 1501 »quod
780 1419 1182 1481 occasionem
1220 1416 1407 1477 -dedit
1683 1421 1684 1424 ’

690 1540 904 1594 Jaum
956 1534 1350 1593 ol-Faruk.
1451 1526 1754 1589 Nimirum
1810 1528 2069 1591 Absitae
2127 1529 2383 1593 fidelem
2442 1531 2800 1608 amicitiam,

525 1646 941 1708 »vicinitatem
990 1654 1051 1707 et
1095 1641 1447 1707 clientelam
1496 1661 1624 1703 non
1672 1643 2113 1719 observabant,
2159 1654 2548 1725 quapropter
2592 1645 2801 1707 Sa'di-

524 1768 665 1820 »tae
710 1758 1103 1820 accedebant
1134 1759 1222 1819 'ad
1269 1756 1659 1833 Mo’awiam,
1723 1756 1926 1819 filium
1973 1756 2418 1818 el-Dschauni
2459 1756 2551 1842 h),
2616 1767 2799 1838 pete-

528 1872 842 1952 »bantque
902 1873 1036 1955 ejus
1096 1880 1313 1934 contra
1371 1874 1624 1939 Absitas
1689 1873 2022 1948 auxilium,
2088 1871 2614 1953 destinabantque
2657 1871 2796 1932 illos

526 1995 860 2066 »tanquam
906 1986 1219 2049 bucellam
1264 1989 1594 2051 devorare.
1699 1990 1821 2053 Sed
1879 1988 2135 2050 Absitae
2191 1994 2456 2067 accepto
2518 1987 2652 2069 ejus
2709 1986 2797 2046 rei

529 2100 829 2163 »rumore
866 2109 1054 2164 noctu
1103 2104 1570 2166 transferebant
1612 2123 1757 2167 suas
1815 2101 2127 2165 foeminas
2180 2099 2341 2176 alio,
2398 2121 2550 2162 suos
2597 2107 2796 2160 autem

527 2213 809 2294 »equites
863 2213 924 2275 in
985 2214 1198 2277 locum
1259 2218 1590 2279 el-Faruk
1650 2219 1878 2280 dictum
1917 2214 2436 2297 praemittebant.
2530 2214 2797 2277 Sa'ditae

529 2326 777 2406 »itaque
824 2334 888 2389 et
931 2347 1152 2389 eorum
1197 2330 1374 2405 socii,
1421 2351 1573 2412 gens
1611 2331 1776 2413 regis
1811 2327 2296 2414 (el-Dschauni),
2338 2328 2522 2389 sedes
2557 2326 2794 2409 aggresi

531 2439 922 2525 ›pAbsitarum
969 2440 1123 2501 nihil
1183 2442 1589 2507 inveniebant
1645 2444 1765 2507 nisi
1821 2445 2004 2505 focos
2062 2442 2386 2519 ardenteS,
2451 2462 2797 2523 perseque-

529 2553 797 2616 »bantur
841 2575 995 2638 ergo
1041 2554 1336 2637 fugitivos
1385 2578 1582 2639 usque
1628 2559 1708 2620 ad
1756 2556 2089 2633 el-Faruk,
2133 2555 2239 2618 ubi
2280 2577 2478 2639 equos
2522 2566 2585 2618 et
2618 2556 2796 2638 equi-

530 2666 663 2731 »t'es
707 2669 973 2731 hostiles
1019 2669 1454 2746 offendebant,
1512 2674 1594 2736 ad
1655 2692 1817 2753 quos
1874 2670 2230 2734 successive
2272 2671 2588 2733 foeminae
2636 2693 2794 2753 quo-

530 2801 692 2862 »que
757 2781 1151 2864 appulerant.
1257 2787 1425 2867 Ergo
1494 2787 1824 2850 mittebant
1890 2807 2020 2848 eos,
2126 2785 2380 2847 Absitae
2446 2794 2656 2846 autem
2720 2784 2798 2845 ad

531 2897 917 2959 »Dhabbitas
951 2899 1146 2974 ibant,
1192 2901 1359 2981 apud
1405 2920 1566 2981 quos
1613 2921 1803 2982 quum
1847 2899 2202 2962 haesissent
2243 2898 2651 2980 aliquamdiu,
2694 2918 2802 2977 re-

533 3009 789 3072 »dibant
832 3011 913 3073 ad
940 3020 1205 3093 ,gentem
1252 3031 1428 3074 suam
1471 3022 1534 3075 et
1569 3015 2067 3096 paciscebantur.
2153 3017 2231 3075 Et
2262 3013 2496 3095 primus
2534 3012 2800 3092 quidem,

532 3122 674 3203 »qui
724 3143 943 3204 pacem
1002 3128 1384 3189 constituere
1439 3128 1807 3202 laborabat,
1873 3126 2009 3189 erat
2050 3127 2427 3201 Harmalah,
2487 3126 2657 3188 filius
2700 3125 2798 3186 el-

535 3236 888 3313 »Asch’ari3
954 3239 1064 3300 sed
1126 3239 1422 3321 quoniam
1458 3263 1621 3303 eum
1676 3262 1848 3304 mors
1894 3242 2174 3303 nondum
2217 3241 2500 3322 perfecto
2549 3240 2799 3323 negotio

530 3350 930 3427 »auferebat,
975 3352 1388 3416 continuabat
1431 3356 1565 3439 ejus
1609 3355 1777 3417 filius
1821 3356 2120 3417 Haschim
2157 3354 2217 3439 i).
2259 3391 2350 3404 —-·

703 3470 954 3526 ›»Jaum
995 3473 1311 3528 nathan.
1400 3469 1606 3543 Quum
1668 3471 2111 3532 convenissent
2165 3470 2248 3531 ad
2305 3488 2524 3550 pacem
2582 3466 2802 3530 conci-

535 3573 887 3652 »liandam,
948 3578 1265 3660 degebant
1304 3582 1563 3643 Absitae
1617 3584 1698 3644 ad
1754 3584 2024 3645 Kathan.
2108 3585 2337 3645 Verum
2383 3582 2801 3664 contingebat,

533 3697 639 3750 »ut
681 3688 941 3768 Hosain,
984 3691 1149 3756 filius
1188 3694 1586 3758 Dhemdhem
1617 3695 2031 3782 (Dzohjanita)
2078 3697 2432 3759 offenderet
2452 3695 2802 3757 Baidscha-

537 3824 740 3880 »num,
786 3804 1060 3887 aliquem
1108 3810 1189 3871 de
1226 3819 1409 3892 gente
1436 3812 1806 3887 Machzumi,
1849 3810 1962 3872 filii
1988 3809 2184 3885 Kaisi,
2230 3809 2574 3893 (Absitam,)
2621 3829 2800 3870 eum-

535 3938 695 3998 »que
751 3918 815 3979 in
875 3921 1171 3984 talionem
1225 3924 1320 3986 sui
1376 3926 1572 4006 patris
1625 3924 2043 3988 Dhemdhemi
2090 3923 2449 3999 occideret,
2512 3930 2580 3985 ut
2623 3941 2798 4003 quem

635 4105 687 4176 g)
727 4105 797 4160 At
832 4109 923 4163 ubi
966 4120 1079 4163 erat
1113 4109 1288 4163 illud?
1366 4108 1466 4165 Ubi
1512 4120 1624 4164 erat
1664 4120 1861 4164 tractus
1900 4108 2349 4164 es-Scharabah?

642 4204 696 4274 h)
734 4206 834 4259 suit
871 4225 997 4278 ergo
1035 4208 1122 4261 hic
1159 4210 1272 4263 dies
1319 4219 1439 4263 ante
1489 4210 1630 4264 diem
1671 4209 2034 4275 Dscbabalah,
2089 4227 2195 4282 quo
2241 4209 2328 4262 hic
2370 4204 2658 4262 Mo’awiah
2706 4203 2804 4256 suit

533 4303 773 4367 occisus;
827 4305 932 4359 vid.
969 4324 1130 4377 supra
1170 4326 1286 4378 pag.
1324 4310 1448 4365 216.

655 4403 693 4473 i)
733 4401 840 4457 Hic
875 4404 1062 4460 inserit
1098 4406 1553 4462 el-Maidanensis
1589 4407 1745 4462 Jaum
1784 4406 2072 4463 Scha'waa.
2099 4438 2164 4447 —
2218 4406 2299 4461 ed.
2340 4405 2607 4476 Freytaq.
2646 4401 2708 4458 T.
2733 4399 2801 4454 11.

528 4519 647 4572 pag.
681 4502 806 4557 281.
