2981 5125
1398 297 1956 372 ,226-

552 487 942 550 »Hodzaifae
987 486 1214 562 scelus,
1259 486 1616 564 obruebant
1656 486 2066 571 Dz'objanitas
2105 487 2170 547 in
2213 488 2356 569 ipso
2403 488 2681 571 scopulo
2730 491 2830 551 el-

552 600 940 676 »Ja'mariae,
985 600 1285 682 virosque
1317 602 1649 665 duodecim
1679 601 2075 683 jugulabant,
2117 623 2282 690 ,quos
2321 602 2484 666 inter
2514 602 2830 680 Malicum,

552 716 786 777 »filium
833 712 1082 788 Sami’i‚
1155 712 1513 796 (puerorum
1559 716 1988 799 proditorem,)
2049 724 2113 778 et
2170 717 2305 800 ejus
2351 717 2611 777 fratrem
2654 716 2828 778 Jazi-

552 832 757 905 ndum,
804 837 866 891 et
908 828 1250 903 Harimum,
1293 827 1492 889 filium
1535 829 1973 904 Dhemdhemi,
2020 830 2275 893 fratrem
2318 830 2605 891 Hosaini.
2688 831 2828 911 Ap·-

552 944 864 1027 »pellatur
907 961 1163 1024 quoque
1209 941 1344 1003 dies
1392 939 1831 1006 el—Ja’mariae
1878 945 2013 1007 dies
2043 975 2152 1042 ju
2189 944 2309 1033 ὀί)
2346 941 2423 1026 d),
2465 943 2630 1005 haec
2661 943 2825 1005 enim

552 1060 734 1121 »loca
781 1077 998 1141 parum
1044 1076 1083 1118 a
1127 1075 1199 1117 se
1244 1056 1492 1117 distant.

725 1172 1006 1243 »Deinde
1050 1168 1168 1231 fuit
1207 1176 1422 1230 Joum
1464 1176 1837 1232 el—llabati
1876 1169 1948 1256 e),
2000 1191 2125 1253 quo
2171 1170 2432 1233 Absitae
2473 1169 2816 1253 Dzobjani-

551 1294 684 1349 »tas
733 1284 1097 1367 gravissime
1144 1282 1516 1345 afflixerunt.
1617 1286 1857 1366 Nempe
1912 1286 2370 1347 conveniebant
2427 1284 2529 1347 die
2588 1284 2819 1346 aestivo

554 1399 801 1463 »calido
848 1417 1052 1480 prope
1096 1398 1413 1459 Dschafar
1457 1398 1820 1464 el-Habati
1877 1407 1941 1462 et
1980 1399 2349 1482 pugnabant
2392 1417 2429 1458 a
2474 1398 2680 1479 primo
2727 1398 2819 1459 die

538 1532 792 1594 ¹»usque
854 1512 937 1572 ad
994 1511 1356 1588 meridiem,
1415 1533 1604 1594 quum
1664 1514 1886 1575 fervor·
1931 1512 2092 1575 solis
2148 1531 2424 1594 pugnam
2482 1512 2819 1573 dirimebat.

551 1628 760 1702 »Kais,
807 1627 910 1708 qui
956 1633 1222 1687 noverat
1267 1625 1715 1706 equitationem
1744 1626 2101 1708 Hodzaifae
2136 1627 2319 1688 valde
2363 1627 2817 1689 incommodam

550 1743 877 1804 »accidere
922 1748 984 1802 et
1027 1740 1160 1822 ejus
1206 1739 1592 1800 inflammare
1637 1739 1915 1814 femora,
1972 1740 2624 1802 adhortabaturfsuos
2666 1740 2818 1800 banc

552 1856 991 1919 »occasionem
1038 1859 1292 1933 captare
1338 1860 1401 1914 et
1444 1870 1757 1934 occupare
1790 1852 2101 1914 Dschafar
2143 1852 2499 1926 el-Habati,
2543 1853 2650 1915 ubi
2683 1855 2818 1914 Ho-

551 1970 846 2031 »dzaifah
903 1976 1145 2029 aestum
1204 1967 1617 2028 meridianum
1678 1966 2123 2049 restinguebat.
2206 1967 2462 2036 Absitae
2520 1965 2815 2048 persecuti

436 2090 441 2098 ‘
553 2084 849 2165 »vestigia
908 2102 1215 2163 equorum
1263 2081 1468 2142 Hamli
1518 2090 1582 2143 et
1620 2079 2003 2153 Hodzaifae‚
2061 2080 2345 2143 incidunt
2384 2079 2525 2161 ipso
2572 2080 2816 2140 meridie

552 2200 652 2260 »in
697 2197 1009 2260 Dschafar
1052 2194 1367 2256 el-Habat
1413 2203 1475 2257 et
1521 2193 1881 2276 opprimunt
1923 2193 2237 2270 Hamlum,
2282 2194 2387 2275 qui
2432 2189 2677 2259 viderat
2719 2213 2819 2255 eos

552 2319 656 2373 »et
697 2310 861 2392 patri
905 2309 1132 2370 adesse
1176 2307 1435 2369 Kaisum
1479 2308 1914 2380 nunciaverat,
1983 2313 2049 2368 et
2091 2307 2282 2380 alioS,
2351 2319 2418 2370 ut
2459 2309 2818 2370 Hodzaifam

558 2435 661 2487 »et
704 2424 994 2496 Badrum‚
1038 2421 1207 2482 filios
1252 2420 1460 2493 Badri,
1509 2428 1580 2481 et.
1616 2422 1981 2497 Warkaum,
2026 2422 2225 2483 filium
2269 2422 2480 2498 finali,
2527 2423 2609 2483 de
2654 2431 2823 2505 gente

555 2536 979 2611 »Tha’labah,
1021 2534 1136 2597 filii
1181 2533 1380 2610 Sa'di,
1426 2541 1488 2596 et
1522 2535 2017 2614 -Dschaischum,
2075 2536 2273 2616 filium
2321 2538 2597 2600 Wahibi.
2687 2536 2823 2600 Kais

554 2654 852 2741 »Uadstans
897 2652 1144 2727 foveae,
1188 2650 1597 2726 Labbaicom,
1645 2651 1914 2727 dicebat,
1958 2652 2369 2727 Labbaicom,
2411 2651 2476 2712 id
2526 2660 2652 2712 est:
2714 2670 2825 2711 au·-

555 2768 701 2831 »dio
746 2787 858 2828 vos
903 2773 967 2828 et
1009 2765 1278 2828 ulciscar
1320 2786 1454 2853 vos.
1541 2766 1951 2847 Respondete
2008 2785 2233 2848 nempe
2293 2765 2385 2826 sic
2443 2764 2702 2826 volebat
2751 2763 2825 2825 ad

553 2881 935 2945 »clamorem
988 2898 1361 2960 puerorum,
1421 2877 1560 2959 qui,
1624 2878 1772 2940 dum
1828 2878 2268 2958 caederentur,
2331 2900 2508 2940 suum
2570 2879 2828 2960 quisque

554 3003 835 3076 »patrem
879 2998 1285 3055 vocaverant.
1373 2992 1708 3067 Schaddad
1754 2992 1994 3054 interea
2040 2992 2395 3068 el-Absita,
2452 3013 2532 3054 ne
2569 3000 2830 3074 possent

559 3107 659 3168 »in
704 3126 902 3187 equos
943 3126 1092 3166 suos
1125 3124 1194 3165 se
1224 3105 1570 3185 proripere,
1615 3106 2047 3167 intercedebat
2091 3115 2152 3168 et
2197 3107 2435 3188 equites
2479 3105 2830 3168 Absitarum

556 3219 948 3281 »successive
993 3219 1472 3280 conveniebant.
1559 3220 1823 3295 videm,
1890 3221 1952 3280 in
1998 3221 2224 3302 quibus
2270 3210 2570 3297 haereat,
2633 3239 2831 3301 angu—

520 3332 750 3395 ‘»stias
795 3332 998 3405 Haml,
1053 3352 1092 3393 o
1139 3333 1311 3407 Kais,
1365 3333 1596 3415 ajebat,
1643 3333 1931 3394 obtestor
1979 3343 2036 3395 te
2081 3355 2195 3415 per
2238 3352 2635 3396 communem
2682 3352 2829 3394 san-

559 3422 880 3528 »guinem,
936 3445 1091 3506 velis
1136 3453 1418 3506 nostrum
1464 3445 1770 3508 misereri.
1851 3449 1992 3533 ‚Sed
2037 3449 2189 3510 Kais
2236 3448 2389 3510 nihil
2436 3447 2607 3509 aliud
2655 3466 2826 3537 quam

558 3579 776 3620 »suum
820 3557 1244 3633 Labbaicom,
1287 3558 1711 3634 Labbaicom,
1754 3559 2199 3641 ingeminabat.
2294 3563 2471 3625 Unde
2514 3562 2826 3642 intellige-

559 3674 706 3735 »bat
748 3672 1134 3746 Hodzait'ah,
1178 3672 1413 3733 nullam
1462 3673 1601 3734 fore
1644 3673 1764 3735 sibi
1809 3693 2015 3756 neque
2059 3677 2593 3755 misericordiam,
2637 3694 2829 3756 neque

558 3787 817 3848 »rimam
865 3785 1097 3868 effugii,
1144 3796 1533 3868 quapropter
1577 3789 1905 3870 increpans
1943 3789 2244 3852 Hamlum·
2282 3790 2360 3851 ab
2409 3808 2488 3851 eo
2532 3786 2829 3850 sermonis

476 3990 479 3993 Δ
556 3901 914 3963 »abstinere
951 3901 1239 3983 jubebat,
1286 3900 1390 3981 qui
1439 3909 1608 3965 esset
1652 3938 1733 3949 —-
1778 3938 1863 3949 —
1908 3904 2210 3986 signatuS,
2256 3912 2317 3966 et
2359 3905 2424 3987 in
2469 3912 2830 3985 perpetuam

665 4172 718 4245 d)
757 4173 858 4228 Dzi
895 4173 1068 4238 Na'ar,
1102 4183 1193 4228 aut
1219 4170 1406 4244 Bagar,
1443 4184 1534 4228 aut
1571 4184 1625 4228 ut
1662 4175 1781 4230 aliis
1821 4177 1993 4231 modis
2035 4178 2154 4250 quis
2191 4179 2318 4232 velit
2352 4179 2548 4248 legere.
2572 4209 2640 4217 —
2677 4176 2832 4230 viel-

561 4272 725 4333 leicht
750 4273 847 4359 ’ΣΞ-,ι
874 4265 958 4350 ,ὁ
997 4281 1114 4330 Dsu
1151 4281 1362 4346 Bucar,
1407 4283 1493 4337 ein
1532 4281 1631 4337 Ort
1665 4281 1738 4336 im
1778 4281 2001 4338 Gebiete
2038 4283 2135 4338 der
2170 4282 2322 4337 Banu
2362 4284 2533 4352 Asad,
2586 4286 2719 4341 oder
2754 4286 2826 4339 eir

558 4385 834 4455 Brunnen.
907 4386 1088 4456 Vergl.
1124 4386 1181 4441 S.
1218 4389 1340 4443 213.
1413 4391 1587 4442 ductet
1621 4388 1956 4449 Moschtarik
1992 4409 2108 4461 pag.
2149 4392 2212 4444 61
2255 4410 2307 4445 u.
2344 4396 2470 4447 223.

668 4488 718 4559 e)
757 4487 886 4542 Dies
913 4487 1080 4558 putei,
1112 4485 1194 4543 vel
1223 4487 1428 4553 foveae,
1463 4490 1728 4560 proelium
1756 4492 1810 4545 in
1838 4491 1943 4545 boc
1968 4482 2114 4546 bello
2144 4494 2384 4547 omnium
2413 4493 2818 4549 celeberrimum
