2981 5125
934 295 1574 382 ..-—245—'

152 459 461 546 »Parebat
503 484 1039 564 equesDoraidi,
1085 484 1328 564 abibat,
1380 449 1736 580 imperabat
1777 488 1996 572 ignoto
2043 489 2247 572 equiti*
2279 489 2432 552 foe·
2482 540 2490 545 .

155 596 399 658 »minae
443 596 843 675 missionem,
907 600 1299 682 urgebatque
1357 620 1500 664 eum
1558 610 1621 665 et
1673 591 2253 678 lacessebat'hasta
2298 621 2433 665 sua.
2517 613 2523 618 ’
2584 583 2590 589 ’

152 710 264 772 »Id
309 710 529 774 videns
576 711 753 788 alter,
798 712 992 779 misso
1039 713 1240 789 fren0,
1287 714 1460 796 quod
1506 715 1787 794 tenebat,
1834 715 2091 792 cameli,
2127 706 2432 800 jussaque

154 824 476 887 »foemina
529 845 724 920 porro
784 825 1025 908 absque
1083 835 1252 890 metu
1316 827 1489 890 omni
1545 829 1931 933 procedere,
1971 831 2476 920 prosternebat⁸

153 938 458 1000 »hostem
476 938 646 1002 facto
677 939 933 1023 impetu,
981 961 1336 1025 equumque
1380 941 1506 1032 ipsi
1550 942 1912 1024 ademptum
1958 942 2244 1006 donabat
2284 965 2434 1005 mu-
2498 952 2507 962 “

153 1052 353 1115 »lieri.
440 1055 713 1133 Doraid,
766 1054 972 1136 primo
1002 1054 1231 1137 equite
1273 1055 1456 1118 nimis
1504 1056 1611 1119 diu
1655 1056 1951 1133 absente,
1973 1056 2287 1131 mittebat
2329 1057 2435 1127 al·-
2513 1094 2517 1098 <

153 1145 427 1259 merum,
485 1167 855 1250 quidprior
899 1175 1144 1250 ageret,
1208 1156 1622 1254 cogniturum.
1724 1171 1851 1233 Sed
1908 1169 2091 1231 etiam
2150 1169 2205 1232 is
2264 1170 2435 1234 idem

156 1280 390 1342 »fatum
437 1254 880 1364 experiebatur
921 1317 1024 1343 -—.
1108 1282 1589 1374 Mittebat'ergo
1636 1284 1885 1357 tertium
1928 1319 2040 1360 -—,
2084 1284 2197 1347 sed
2244 1288 2306 1346 et
2348 1280 2436 1346 il-

157 1392 329 1468 »lum
369 1389 814 1476 prosternebat
856 1394 966 1457 ille
1010 1395 1326 1458 foeminae
1367 1381 1711 1480 protector.
1771 1398 2039 1482 ‘'Doraid
2066 1398 2281 1480 itaque
2311 1417 2437 1460 an-

155 1529 346 1589 »ceps
404 1510 648 1572 consilii
699 1518 770 1599 et
826 1501 1240 1573 subdubitans
1299 1512 1378 1574 de
1436 1494 1696 1575 suorum
1753 1510 1919 1591 fide,
1979 1513 2436 1596 suspicansque

158 1622 342 1685 »illos
389 1617 600 1687 occiso
645 1634 763 1699 suo
809 1625 1069 1715 homine
1114 1645 1275 1688 cum
1305 1626 1587 1688 foemina
1625 1600 1958 1716 evasisse,
2016 1626 2157 1709 ipse
2199 1646 2437 1710 perge-

136 1738 306 1800 '»bat
363 1738 446 1800 a'd
502 1739 676 1801 Rabi
681 1760 782 1802 am
842 1739 1060 1823 (filium
1112 1740 1529 1818 Mocaddimi,
1595 1740 1665 1806 id
1718 1741 1932 1824 equiti
1969 1761 2201 1803 nomen
2261 1742 2437 1825 erat,)

158 1852 308 1933 »qui
347 1842 478 1935 jam
525 1873 562 1915 a
606 1855 770 1916 tribu
816 1873 930 1915 sua
973 1854 1148 1916 haud
1189 1854 1412 1934 procul
1459 1816 1705 1916 aberat.
1782 1855 2020 1917 Videns
2065 1862 2275 1917 autem
2318 1874 2439 1917 so·-

127 1963 336 2028 .»cios
381 1985 541 2026 suos
580 1984 799 2028 omnes
845 1974 972 2028 tres
1017 1967 1252 2047 pariter
1286 1974 1688 2047 prostratoS,
1746 1966 2021 2029 blandiri
2073 1966 2439 2029 instituebat

160 2076 386 2165 »alteri
432 2085 494 2139 et
537 2071 815 2156 amicum„
841 2060 1220 2155 simulabat,
1267 2079 1617 2166 cuieques
1656 2081 1896 2156 dicens,
1948 2051 2438 2168 putomagnam
2524 2140 2534 2153 „

163 2191 358 2253 »fore
383 2193 728 2276 jacturam,
781 2171 1169 2274 multumque
1211 2180 1626 2275 plorandum,
1671 2194 1730 2256 si·
1769 2194 1862 2257 tui
1903 2193 2125 2255 similis
2170 2193 2441 2256 caderet.
2485 2206 2491 2213 ·

161 2306 273 2372 »Id
317 2284 527 2369 autem
573 2306 760 2369 facile
803 2306 942 2384 fier-i
984 2315 1226 2388 potest,
1288 2301 1805 2390 quandoquidem
1845 2307 2093 2371 hastam
2136 2327 2267 2370 non
2308 2302 2440 2370 ha-

161 2405 349 2496 »beS,
389 2406 658 2483 ¹hostilis
718 2418 926 2515 tamen
972 2421 1287 2509 equitatus
1325 2421 1678 2504 ,passim-te
1721 2421 2136 2485 circumvolat
2161 2420 2245 2505 d).
2313 2422 2471 2508 .En⁴
2581 2399 2586 2405 ⁴
2631 2405 2641 2412 ’
2713 2462 2720 2470 -

163 2526 418 2615 »itaque
477 2518 590 2598 tibi
630 2534 814 2599 hanc
870 2536 1118 2599 hastam
1164 2527 1387 2600 meam.
1474 2524 1905 2620 Ego'interim
1952 2536 2144 2614 abibo
2193 2536 2274 2598 ad
2303 2556 2439 2619 ,soff

164 2647 384 2709 »dales
429 2668 609 2726 meos
655 2657 716 2710 et
758 2628 1059 2731 impetum
1107 2654 1328 2713 eorum
1387 2671 1426 2713 a
1482 2659 1546 2713 te
1600 2650 1993 2714 remorabor.
2071 2650 2183 2731 vSic
2227 2657 2441 2711 retro·
2485 2632 2488 2635 ¹

164 2761 473 2824 »cedebat
505 2770 568 2824 et
605 2747 1003 2844 significabat
1035 2745 1184 2841 suiS‚
1226 2764 1407 2825 illum
1438 2763 1755 2826 foeminae
1786 2756 2232 2845 protectorem,
2276 2763 2441 2849 suo-
2488 2775 2492 2780 ’
2599 2765 2606 2772 ’
2694 2772 2701 2780 ’

165 2896 469 2958 »rumque
515 2876 973 2958 destructorem
1015 2878 1291 2958 equitum
1316 2886 1576 2957 ⁴temere
1613 2859 1683 2940 ‘et
1723 2878 1956 2939 frustra
1996 2873 2234 2955 impeti.
2339 2873 2443 2936 Sic

165 2991 495 3052 »redibant
537 2992 795 3054 domum
839 3025 920 3037 —-
991 2991 1125 3053 'Hic
1172 3009 1356 3054 casus
1401 2989 1731 3068 efficiebat,
1773 2998 1841 3053 ut
1871 2975 2101 3079 'paullo
2146 2995 2291 3069 post
2313 2988 2443 3049 Ki-
2523 3002 2527 3007 ·

114 3101 120 3106 ’
167 3093 460 3173 »nauitae
498 3105 563 3165 in
592 3082 1150 3185 Dschoschamitas
1184 3105 1575 3167 incurrerent
1612 3109 1675 3166 et
1702 3110 1960 3186 praeter
1991 3120 2443 3188 caesosteomm⁴

167 3197 420 3299 »plures
448 3217 659 3281 'etiam
701 3218 1052 3281 Doraidum
1097 3226 1425 3300 caperent,
1471 3218 1587 3280 sed
1630 3218 2030 3309 ignoranteS‚
2069 3216 2468 3310 praesertim·

167 3352 399 3412 »quum
430 3331 496 3393 -is
542 3351 799 3413 quoque
843 3318 1021 3424 suum
1066 3351 1300 3395 nomen
1346 3331 1706 3395 occultaret.
1793 3331 2040 3394 Interea
2071 3351 2247 3407 veru,
2294 3331 2442 3393 dum

167 3446 261 3508 »is
307 3422 590 3537 captivus
634 3449 698 3508 in
745 3447 1008 3531 vinculis
1050 3446 1425 3522 haberetur,
1481 3445 1647 3508 inter
1689 3445 1846 3517 alias
1891 3433 2233 3524 foeminas,
2279 3464 2442 3528 quae

169 3567 559 3643 »spectatum
603 3559 905 3643 praedam
951 3568 1140 3642 atque
1185 3557 1656 3652 deambulatum
1702 3561 2021 3638 venerant,
2068 3580 2190 3623 una
2236 3579 2442 3642 quae-

171 3675 355 3755 »dam
390 3688 531 3738 eum
564 3674 785 3738 videns
821 3684 884 3737 et
916 3674 1042 3736 alte
1074 3675 1494 3757 proclamans,
1578 3674 1875 3750 PeriistiS,
1920 3660 2150 3759 ajebat,
2196 3683 2257 3738 et
2286 3695 2444 3756 per-

170 3789 455 3851 »didistis
503 3788 815 3873 (miserum
862 3788 1238 3865 Doraidum,
1295 3808 1424 3850 non
1470 3787 1891 3871 merentem).„
1959 3788 2147 3864 Quod
2194 3787 2442 3850 tandem

172 3902 357 3965 »mali
415 3909 632 3966 nostra
693 3923 844 3985 gens
902 3903 1088 3977 uobis
1148 3899 1637 3983 superinducet?
1721 3902 1840 3963 Hic
1887 3890 2009 3978 est,
2054 3920 2170 3983 per
2213 3900 2440 3962 Deum!

173 4015 340 4090 »ille,
387 4018 489 4099 qui
519 4011 777 4080 Rabi’ae
811 4004 1006 4081 dabat
1033 4018 1281 4081 hastam
1311 4014 1522 4079 Jaum
1553 4022 1657 4078 et-
1670 4012 2004 4079 Tha’inalt
2041 4014 2112 4102 e),
2196 4018 2275 4078 Et
2303 4035 2441 4077 cum

273 4183 328 4254 d)
366 4183 619 4254 Fregerat
665 4187 805 4240 enim
855 4186 1058 4242 hastam
1111 4205 1260 4242 suam
1305 4194 1442 4250 tum,
1490 4203 1655 4258 quum
1701 4185 1915 4240 tertium
1953 4182 2177 4237 Doraidi
2212 4181 2443 4254 equitem

167 4294 547 4356 prosterneret.

275 4386 326 4457 e)
365 4385 469 4440 Die
505 4385 786 4454 foeminae,
822 4387 879 4442 id
916 4397 1012 4453 est,
1058 4388 1155 4443 illo
1193 4388 1296 4454 die,
1347 4404 1454 4459 quo
1492 4403 1647 4441 casus
1684 4386 1783 4442 iste
1817 4385 1974 4445 vobis
2008 4390 2165 4439 notus
2203 4387 2255 4435 et
2288 4377 2443 4434 cele-

164 4486 358 4571 bratus..
386 4503 509 4540 cum
545 4486 781 4542 foemina
818 4465 1205 4560 proficiscente>
1231 4488 1583 4560 contingebat.
