2981 5125
1424 307 1987 384 ...220-

583 510 682 564 »et
735 502 815 564 ad
865 501 1197 574 Sinfinum,
1257 498 1452 576 filium
1502 500 1619 561 Abi
1664 497 1962 573 Haritha,
2024 496 2344 574 veniebat,
2409 508 2655 580 patrem
2722 501 2852 585 ejus

583 615 889 691 »Harimi,
950 636 1135 695 quem
1184 615 1346 675 adeo
1394 612 1785 696 panegyricis
1834 612 2209 674 carminibus
2258 613 2583 675 decoravit
2624 614 2854 674 Zohair

584 728 874 812 »(poiita).
961 730 1159 809 Hujus
1206 727 1420 789 SinAni
1467 725 1646 789 uxori
1693 726 1905 786 Salina
1951 725 2256 786 oriundae
2303 744 2380 785 ex
2427 726 2659 799 Ganm,
2719 726 2849 787 filio

583 841 904 916 »Dudani,
960 840 1075 902 filii
1118 842 1345 916 Asadi,
1409 841 1813 903 commiserat
1858 840 2189 901 el-Aswad
2239 838 2537 900 alendum
2584 848 2650 901 et
2694 841 2853 901 edu-

593 957 898 1017 »candum
947 975 1123 1016 suum
1171 954 1365 1016 filium
1414 954 1933 1028 Schorabbilum,
1993 953 2167 1033 quod
2210 952 2319 1028 illa
2362 953 2644 1014 foemina
2689 962 2853 1016 tanta

584 1068 749 1132 »fide
796 1076 860 1131 et
903 1068 1460 1148 circumspectione
1506 1069 1890 1149 praestabat,
1938 1076 2002 1129 ut
2039 1043 2270 1128 nemini
2315 1086 2494 1129 suum
2537 1065 2851 1129 alumnum

586 1182 1026 1264 »pei-initteret.
1113 1179 1388 1265 (Sciebat
1434 1189 1640 1242 tamen
1688 1179 2016 1241 el-Harith
2062 1189 2261 1258 arteS,
2317 1181 2545 1261 quibus
2592 1202 2846 1264 compos

587 1296 803 1359 »fieret
848 1298 980 1379 ejus
1029 1296 1238 1375 pueri,
1304 1296 1565 1379 ejusque
1624 1295 1820 1357 caede
1878 1295 2284 1356 ulcisceretur
2329 1293 2560 1355 factam
2608 1296 2730 1356 sibi
2775 1295 2845 1355 ab

587 1410 1004 1471 »el-Aswado
1052 1408 1115 1468 in
1164 1408 1404 1469 abactis
1449 1411 1577 1470 suis
1625 1408 1950 1470 clientibus
1996 1407 2330 1491 injuriam.)
2436 1410 2590 1470 Nam
2656 1409 2847 1470 lorum

587 1542 855 1605 »capsae
913 1520 1248 1584 vestiariae
1308 1520 1523 1582 Sinani
1571 1523 1957 1583 commodari
2005 1524 2124 1584 sibi
2172 1523 2251 1584 ab
2300 1524 2433 1605 ejus
2479 1542 2845 1604 possessore

589 1636 912 1718 »rogabat,
961 1634 1068 1715 qui
1115 1643 1243 1696 tum
1291 1634 1351 1693 in
1400 1643 1599 1696 tractu
1626 1635 2090 1698 's-Scharabah
2116 1634 2183 1719 w)
2230 1636 2621 1709 versabatur,
2669 1637 2844 1717 idque

589 1759 923 1830 »tanquam
970 1750 1210 1829 signum
1261 1758 1323 1809 et
1365 1750 1589 1831 pignus
1634 1768 1785 1811 suae
1831 1749 1981 1810 fidei
2028 1750 2475 1811 uxori'Sinani
2534 1750 2844 1822 afferebat,

591 1864 865 1939 »dicenS,
913 1862 1199 1923 maritum
1246 1865 1379 1946 ejus
1425 1883 1495 1926 se
1543 1864 1805 1939 misisse,
1851 1871 1915 1924 ut
1959 1883 2170 1925 secum
2216 1870 2494 1924 sumeret
2528 1862 2844 1925 Schorab-

589 1978 840 2054 »bilum,
889 1977 1051 2039 velle
1097 1976 1300 2057 ipsum
1347 1976 1644 2057 deinceps
1675 1990 1830 2039 scum
1866 1977 2291 2041 Schorahhilo
2338 1984 2399 2037 et
2443 1997 2582 2038 cum
2616 1975 2845 2038 el-Ha-

589 2094 794 2155 »ritho
843 2093 921 2153 ad
971 2090 1437 2152 el-Aswadum
1500 2092 1880 2153 contendere
1937 2100 1999 2153 et
2054 2111 2171 2172 pro
2232 2091 2630 2153 el-Haritho
2689 2091 2844 2172 apud

591 2226 771 2268 »eum
832 2204 1170 2285 supplicari
1230 2213 1292 2267 et
1351 2204 1616 2287 gratiam
1662 2213 1847 2286 atque
1894 2207 2138 2266 veniam
2182 2205 2303 2286 ipsi
2347 2225 2463 2286 per
2503 2204 2705 2266 filium
2745 2223 2841 2266 re-

593 2321 744 2402 »gis,
792 2329 1084 2397 tanquam
1116 2295 1583 2397 per'obsidem,
1629 2327 2029 2400 extorquere.
2111 2322 2204 2382 Ita
2252 2339 2383 2382 rem
2428 2320 2675 2382 habere
2716 2339 2844 2382 cre-

593 2431 825 2492 »debat
881 2428 1124 2503 Salma,
1182 2448 1572 2510 puerumque
1629 2439 1903 2493 comtum
1960 2440 2021 2493 et
2078 2442 2364 2494 ornatum
2419 2433 2716 2495 tradebat
2752 2432 2845 2493 el·-

593 2542 916 2617 »Harith0,
961 2539 1066 2622 qui
1113 2560 1252 2602 eum
1297 2540 1360 2602 in
1406 2550 1667 2606 tractum
1714 2543 1985 2626 aliquem
2026 2545 2491 2607 es-Scharabat
2527 2546 2846 2609 deductum

593 2657 974 2741 »jugulabat‚
1019 2656 1352 2736 statimque
1397 2676 1466 2718 se
1511 2658 1573 2718 in
1616 2658 1826 2740 fugam
1862 2659 2256 2742 conjiciebat.
2341 2661 2649 2742 Fugiebat
2677 2662 2844 2723 etiam

594 2770 842 2841 »Sinam
884 2769 1052 2831 filius
1095 2769 1215 2830 Abi
1260 2770 1543 2843 Haritba.
1630 2773 1705 2835 Ut
1740 2773 2140 2835 Schorahbili
2171 2773 2283 2835 filii
2315 2775 2410 2836 sui
2445 2776 2678 2837 caedes
2709 2797 2845 2857 per-

593 2892 889 2948 »venerat
934 2884 1015 2944 ad
1062 2883 1529 2958 el-Aswadum,
1589 2886 1960 2948 immittebat
2012 2909 2158 2950 suas
2199 2889 2419 2969 copias
2466 2891 2844 2974 Dzobjauitis

597 2999 821 3084 »(genti
868 2998 1133 3082 Sinani),
1178 3017 1446 3078 quorum
1493 2999 1661 3060 viros
1709 3000 2069 3075 occidebat,
2128 3001 2435 3064 foeminas
2484 3004 2845 3079 abducebat,

592 3133 788 3194 »opes
850 3112 1162 3193 abigebat.
1269 3111 1508 3172 Pariter
1565 3113 1893 3174 Dudanitis
1954 3114 2191 3175 bellum
2256 3116 2623 3192 inducebat,
2692 3119 2844 3179 unde

595 3227 866 3301 »Salma,
912 3226 1125 3287 Sinani
1160 3243 1340 3296 uxor,
1387 3225 1777 3300 deveniebat,
1824 3228 2171 3309 eademque
2213 3228 2275 3289 in
2320 3230 2477 3292 istos
2522 3233 2846 3295 statuebat.

596 3340 946 3420 »Tempore
987 3344 1134 3419 post
1175 3337 1535 3402 inveniebat
1577 3339 1795 3401 ambas
1832 3341 2043 3402 soleas
2075 3342 2474 3406 Schorahbili
2504 3347 2677 3425 apud
2712 3345 2846 3407 Mo·
2941 3414 2942 3421 χ

597 3452 955 3528 »hai-ibum,
1016 3451 1215 3512 filium
1259 3450 1606 3529 Chasafah,
1670 3458 1803 3538 ejus
1860 3463 2108 3537 gentem
2164 3477 2418 3537 quoque
2460 3458 2753 3538 rapiebat
2788 3460 2844 3520 in

597 3565 1053 3646 »captivitatem
1101 3572 1164 3626 et
1206 3564 1480 3645 cogebat
1521 3585 1710 3647 super
1752 3565 1985 3647 glabris
2029 3569 2231 3648 planis
2276 3570 2667 3632 candefactis
2720 3571 2850 3633 sili-

595 3678 807 3740 »cibus
842 3675 1187 3753 ambulare,
1231 3677 1416 3739 simul
1448 3679 1695 3741 dicens:
1740 3681 1876 3760 Ego
1907 3680 2087 3741 vobis
2128 3680 2285 3743 alias
2330 3683 2541 3746 soleas
2589 3685 2849 3746 induam.
2939 3726 2942 3779 j

593 3792 784 3855 »Inde
827 3790 1038 3866 fiebat,
1083 3799 1149 3852 ut
1193 3790 1560 3852 miserorum
1607 3793 1802 3872 pedes
1836 3793 2134 3876 (corrupti
2169 3794 2495 3880 sphacelo)
2543 3799 2850 3859 caderent.

595 3904 911 3966 »Tandem
957 3904 1316 3984 spondebat
1360 3906 1571 3980 Sinan,
1629 3908 1793 3968 filius
1838 3908 2027 3984 Amri,
2083 3909 2197 3970 filii
2242 3909 2598 3982 Dschabiri,
2642 3909 2851 3971 ’l-Fa-

596 4017 828 4076 »zarita
872 4017 1093 4100 lytrum
1142 4019 1550 4095 el-Aswado,
1597 4025 1819 4101 ne'mpe
1864 4021 2031 4083 mille
2076 4023 2349 4091 camelos
2396 4041 2639 4099 mareS,
2685 4023 2854 4105 ejus-

597 4148 756 4209 »que
799 4128 889 4188 rei
934 4129 1188 4191 arrham
1230 4130 1352 4212 ipsi
1394 4133 1791 4216 relinquebat
1833 4154 2012 4196 suum
2050 4153 2291 4215 arcum3
2334 4138 2670 4219 stabatque
2700 4156 2854 4219 pro-

599 4241 871 4317 »missis,
917 4253 978 4305 et
1020 4243 1168 4306 inde
1213 4244 1363 4307 dicit
1405 4244 1672 4330 (poeta):

686 4507 753 4573 w)
791 4481 995 4580 &jz-35
1033 4503 1114 4557 vel
1157 4501 1435 4572 Scharijah-
1471 4488 1684 4584 'aigi-ihil
