2981 5125
1402 346 1507 357 -
1607 298 1762 378 194
1861 345 1965 360 -

557 498 832 575 gestum,
892 494 958 556 id
1017 500 1114 556 est
1171 492 1236 558 in
1287 498 1469 572 parte
1521 487 2084 568 Mesopotamiae,‘
2118 488 2218 550 cui
2261 490 2549 553 Becritae
2591 500 2830 556 nomen

556 606 879 672 dederunt.
965 605 1090 669 Sed
1132 604 1383 670 invenio
1430 604 1495 664 in
1538 603 1662 666 hac
1705 602 2001 665 Nuwairii
2047 591 2494 684 descriptione,
2543 606 2725 686 quod
2767 607 2832 668 in

554 720 837 795 Tihama,
881 719 945 781 id
994 726 1086 782 est
1128 718 1235 780 illa
1276 716 1548 786 Arabiae
1585 725 1788 798 parte,
1850 735 2014 799 quae
2055 717 2330 794 Arabiae
2373 718 2547 780 felici
2593 728 2663 781 et
2703 739 2834 802 pe-

556 840 771 895 traeae
825 832 1183 915 interjacet,
1248 831 1604 914 Erythraeo
1663 832 1823 892 mari
1879 838 2245 912 praetensa,
2313 832 2505 895 fuerit
2562 841 2833 917 gestum.

555 947 815 1009 Videtur
856 954 1061 1034 tamen
1105 944 1253 1006 huic
1294 961 1679 1027 repugnare,
1735 946 1910 1027 quod
1955 944 2483 1039 el-3Maidanensis
2531 945 2691 1028 Ca‘p.
2731 947 2833 1009 29.

553 1080 615 1121 n.
651 1062 735 1122 40
782 1059 978 1134 dicat,
1037 1058 1349 1142 Dharijah
1388 1076 1619 1143 pagum
1662 1059 2075 1126 Kilabitarum
2118 1060 2185 1122 in
2228 1060 2329 1123 via
2374 1080 2453 1122 ex
2497 1059 2834 1122 el-Basra

555 1174 635 1235 ad
670 1175 944 1235 Meccam
993 1173 1288 1235 tendente
1331 1192 1506 1250 esse;
1550 1181 1768 1236 noster
1810 1180 2018 1235 autem
2064 1173 2149 1235 ait
2180 1172 2495 1255 proelium
2529 1174 2612 1234 ad
2648 1174 2834 1235 Dha-

552 1286 717 1370 rijah
774 1285 1172 1350 commissum
1228 1294 1473 1367 partem
1531 1286 1717 1369 hujus
1772 1287 1927 1349 belli
1979 1287 2194 1349 fuisse.
2278 1285 2443 1347 Dicit
2486 1286 2686 1347 etiam
2733 1286 2833 1348 el-

550 1401 974 1464 Maidanensis
1043 1400 1107 1461 in
1177 1415 1261 1463 eov
1315 1399 1461 1463 loco
1528 1386 1901 1463 convenisse
1967 1398 2233 1463 Sa’ditas
2298 1408 2362 1462 et
2421 1400 2828 1467 Hanthalitas

552 1524 760 1577 mente
805 1514 1158 1598 pugnandi,
1216 1515 1332 1576 sed
1391 1514 1629 1577 omissa
1689 1515 1886 1577 caede
1947 1515 2243 1598 deinceps
2297 1533 2519 1597 pacem
2577 1514 2827 1591 fecisse,

553 1631 721 1691 unde
765 1628 991 1691 dixerit
1037 1627 1467 1719 el-Farerdak
1510 1629 1997 1712 gloriabundus:

890 1744 1023 1805 Nos
1067 1742 1513 1824 intercepimus
1559 1750 1622 1804 'et
1664 1743 2053 1806 coercuimus
2092 1742 2325 1805 bellum
2356 1742 2461 1805 die
2491 1744 2821 1829 Dharijah.

802 1857 934 1918 Nos
982 1855 1372 1917 defendimus
1420 1853 1689 1939 (tribum)
1734 1856 1980 1918 Minkar
2024 1856 2127 1918 die
2173 1854 2436 1918 'Ainain.

551 1973 905 2053 Componat
945 1971 1107 2033 haec
1161 1970 1268 2051 qui
1318 1975 1561 2051 potest,
1617 1989 1738 2052 ego
1787 1977 1958 2031 certe
2002 1988 2189 2050 quam
2236 1969 2298 2030 in
2341 1977 2590 2051 partem
2632 1971 2818 2033 incli-

550 2105 712 2162 nem,
760 2086 968 2147 adbuc
1010 2085 1282 2176 ambige.
1368 2086 1438 2148 Si
1481 2085 1693 2167 cogito
1741 2103 1781 2145 a
1822 2082 2088 2148 Colaibo
2136 2104 2274 2146 cum
2320 2085 2612 2165 gentibus
2654 2088 2816 2148 Ara-

549 2198 694 2261 biae
727 2199 927 2264 felicis
964 2197 1214 2281 populis
1259 2198 1450 2275 bella,
1498 2208 1562 2261 et
1605 2196 2127 2261 el-Mobalbilum
2172 2197 2252 2259 ad
2287 2198 2814 2262 Madzhidschitas

549 2314 932 2395 perfugisse,
987 2321 1233 2394 gentem
1278 2314 1693 2390 Jemanicam,
1755 2330 1943 2394 quam
1981 2311 2283 2374 credibile
2318 2332 2577 2394 quoque
2628 2314 2815 2377 estin

546 2417 786 2490 Arabia
817 2426 1002 2489 felice
1042 2425 1427 2501 consedisse,
1471 2427 1604 2487 fere
1647 2424 1988 2507 pertrahor
2032 2445 2132 2501 ec,
2180 2433 2247 2487 ut
2290 2426 2542 2489 credam
2588 2428 2814 2490 bellum

548 2542 745 2602 Basus
801 2541 865 2602 in
924 2537 1231 2601 Tihamah
1283 2548 1543 2622 gestum.
1649 2521 1894 2614 Quodsi
1946 2558 2100 2602 vero
2156 2539 2367 2622 cogito
2421 2539 2707 2603 Becritas
2752 2539 2813 2602 in

548 2653 726 2736 Dijar
765 2654 933 2714 Becr-
966 2653 1292 2716 habitasse
1338 2663 1429 2729 et,
1488 2663 1556 2716 ut
1599 2654 1806 2716 ferunt
1846 2655 2164 2730 historici,
2219 2655 2507 2737 paruisse
2550 2655 2813 2735 primum

548 2767 800 2848 regibus
833 2765 1223 2842 Hirensibu8‚
1269 2775 1334 2829 at
1375 2767 1606 2830 horum
1654 2769 1948 2851 deinceps
1995 2769 2147 2831 odio
2194 2770 2276 2831 ad
2308 2767 2815 2830 Kindensesssde-

548 2880 796 2942 flexisse
842 2887 903 2941 et
947 2881 1272 2943 comisisse
1316 2881 1688 2958 'l-Haritho,
1736 2882 2074 2944 comesturi
2114 2880 2457 2956 'l—Morari,
2514 2901 2657 2943 cum
2703 2901 2812 2944 suo

545 2994 810 3071 imperio
861 3012 1072 3056 curam
1119 3014 1374 3075 quoque
1419 2995 1846 3076 componendi
1905 2995 2092 3078 hujus
2152 2994 2304 3058 belli
2348 2996 2579 3069 BasuS‚
2644 2995 2813 3075 quod

520 3128 739 3191 ,supra
798 3108 947 3191 Cap.
991 3109 1093 3171 111.
1153 3107 1356 3170 allatis
1420 3107 1793 3170 testimoniis
1851 3108 2441 3189 comprobavimus:
2507 3107 2644 3185 flere
2689 3128 2811 3170 non

545 3210 807 3304 possum
867 3243 993 3285 non
1050 3229 1357 3298 statuere,
1417 3222 1576 3285 illud
1635 3220 1868 3284 bellum
1929 3223 1991 3283 in
2032 3222 2409 3304 DijarBecr
2452 3222 2649 3285 fuisse
2694 3243 2810 3307 ge-

545 3343 727 3397 stum.
818 3338 996 3398 Patet
1052 3344 1266 3407 tamen
1321 3357 1577 3419 quoque
1636 3356 1713 3398 ex
1768 3335 1989 3396 iisdem
2047 3336 2420 3401 testimoniis
2457 3337 2655 3400 illum
2716 3339 2810 3400 el-

545 3449 870 3513 Hafflhum
929 3450 1054 3512 late
1108 3469 1405 3531 regnasse
1450 3451 1531 3512 ab
1580 3449 1907 3513 el-Hirah
1954 3470 2153 3531 usque
2198 3451 2280 3513 ad
2322 3450 2617 3517 Arabiam
2659 3451 2809 3513 feli-

546 3583 700 3625 cem.
783 3563 1025 3625 Dicitur
1070 3563 1234 3626 enim
1281 3564 1719 3645 expeditiones
1765 3564 1829 3626 in
1873 3565 2272 3640 Nadscbfflm
2309 3585 2500 3647 ‘quae
2543 3566 2810 3628 Arabiae

543 3677 748 3740 felicis
806 3686 899 3745 est
951 3679 1311 3761 provincia,
1373 3679 1744 3759 suscepisse.
1846 3682 2069 3742 Posset
2110 3680 2271 3742 baec
2317 3681 2660 3762 disputatio
2708 3681 2812 3751 di-

542 3790 702 3868 rimi,
747 3792 800 3853 si
846 3792 1292 3876 geographiam
1334 3793 1489 3855 satis
1536 3803 1819 3855 exactam
1855 3794 2127 3856 Arabiae
2170 3793 2372 3856 felicis
2416 3793 2813 3867 haberemn5‚

544 3926 706 3987 quae
751 3896 1053 3984 fontium,
1113 3906 1492 3980 rivulorum,
1558 3907 1899 3984 montium,
1955 3926 2260 3988 pagorum
2308 3907 2586 3969 omnium
2629 3907 2810 3970 situm

534 4020 918 4102 designaret,
965 4029 1028 4083 et
1071 4021 1176 4081 ubi
1221 4038 1509 4101 quaeque
1557 4020 1751 4082 tribus
1786 4020 2182 4087 habitaverit.
2272 4021 2623 4085 Occurrunt
2667 4022 2813 4101 qui-

544 4133 689 4194 dem
748 4151 939 4214 saepe
997 4135 1165 4215 apud
1219 4138 1443 4215 poetas
1490 4128 1751 4195 n‘omina
1793 4153 2099 4216 pagorum
2147 4140 2269 4195 etc.
2352 4134 2474 4197 Sed
2521 4133 2807 4198 scholia-

541 4256 677 4308 stae
721 4247 860 4329 plus
906 4248 1059 4310 nibil
1090 4229 1348 4323 dicunt,
1407 4268 1592 4329 quam
1641 4268 1781 4309 esse
1825 4249 2068 4323 locum,
2112 4248 2216 4309 vel
2261 4267 2527 4329 aquam,
2572 4257 2712 4324 aut,
2756 4251 2807 4312 si

543 4359 801 4421 multum
860 4361 1102 4437 dicunt,
1166 4361 1245 4422 ad
1303 4361 1450 4424 illos
1512 4362 1609 4425 vel
1670 4363 1825 4424 istos
1882 4364 2056 4446 ajunt
2110 4364 2446 4443 pertinere.
2550 4365 2806 4426 'l'entavi

541 4473 791 4556 q‘uidem
860 4493 937 4537 ex
992 4474 1506 4537 Zamachscharii
1556 4477 1789 4539 Lexico
1852 4477 2315 4561 geographico,
2383 4478 2586 4562 cujus
2629 4499 2804 4541 usum
