2981 5125
1435 303 1996 378 -246-

571 497 706 560 »his
750 494 957 560 verbis
999 492 1378 578 projiciebat
1419 499 1657 557 vestem
1701 509 1883 555 suam
1925 512 2116 575 super
2158 491 2363 575 ipsum
2402 490 2477 577 f),
2524 500 2588 556 et
2623 513 2666 556 o
2696 514 2850 577 gens

570 610 803 674 »Firasi
837 611 911 693 g),
954 609 1186 693 ajebat,
1270 607 1622 691 Egohunc
1668 607 1988 670 hominem
2032 626 2069 670 a
2113 607 2298 670 vobis
2334 607 2691 690 vestrisque
2729 608 2846 696 in-

570 725 784 811 »juriis
825 729 1116 805 protege.
1200 721 1320 783 Hic
1379 722 1542 785 enim
1599 730 1734 785 erat
1789 729 2010 784 noster
2055 715 2300 797 Sdhib,
2360 724 2599 787 sodalis
2637 721 2692 808 h)
2739 723 2845 787 die

570 839 789 902 »vallis
854 836 961 921 (sc.
1005 834 1386 921 el-Ahram).
1452 837 1650 904 ,Inde
1706 835 2178 920 interrogabant
2237 855 2378 898 eum
2442 837 2521 899 de
2586 838 2845 900 nomine

571 974 748 1017 »suo.
833 950 1254 1015 Profitebatur
1293 949 1540 1022 Doraid
1598 970 1767 1027 esse,
1826 948 1993 1013 filius
2049 949 2462 1012 es-Simmah.
2568 951 2697 1014 Sed
2737 951 2845 1013 vi:-

570 1067 820 1130 »cissim
847 1065 1299 1149 interrogabat,
1343 1065 1483 1146 quis
1511 1064 1702 1128 fuerit
1734 1083 1882 1126 suus
1923 1062 2113 1126 Sabib
2152 1061 2292 1147 (son
2323 1063 2624 1149 homme).
2707 1065 2843 1127 Re—

569 1180 1011 1263 »spondebaut
1050 1178 1330 1242 Rabi’am
1374 1177 1605 1255 fuisse,
1646 1178 1847 1241 filium
1891 1177 2297 1240 Mocaddimi.
2381 1177 2551 1252 Quid
2594 1196 2747 1262 ergo
2790 1179 2841 1240 is

570 1294 802 1357 »fecitfl
844 1292 1280 1376 interrogabat
1306 1293 1549 1355 Doraid
1573 1291 1634 1377 i).
1720 1291 2089 1355 Solaimitae
2123 1311 2268 1355 eum
2300 1294 2689 1370 occiderunt,
2729 1313 2840 1357 re-

570 1407 1030 1491 »spondebann
1115 1406 1298 1481 Quid.
1327 1427 1480 1490 ergo
1526 1406 1681 1470 fecit
1721 1404 2042 1470 foemina?
2106 1403 2247 1490 (Ubi
2293 1406 2452 1491 esti)
2550 1410 2688 1492 Ego
2729 1408 2837 1471 ina

569 1523 748 1605 »ipsa
791 1541 950 1597 sum,
991 1520 1425 1603 respondebat
1465 1520 1768 1598 foemina,
1810 1520 1946 1604 ejus
1978 1539 2160 1582 uxor.
2243 1521 2344 1583 Ad
2381 1520 2547 1583 haec
2587 1522 2652 1584 in
2696 1530 2838 1588 vota

570 1635 786 1708 »ibant
826 1633 911 1696 dc
957 1632 1208 1715 captivo
1254 1653 1372 1696 suo
1417 1634 1784 1715 Kinanitae3
1847 1641 1911 1698 et
1954 1633 2063 1697 alii
2109 1634 2367 1717 quidem
2406 1634 2728 1718 indignum
2770 1653 2836 1698 se

569 1746 1116 1832 »pronunciabant
1168 1767 1341 1826 esse,
1405 1748 1460 1810 si
1513 1747 1641 1811 tale
1667 1748 1952 1812 ‘Doraidi
1992 1747 2369 1812 beneficium
2411 1749 2641 1833 ingrati
2682 1750 2836 1815 abs-

569 1881 757 1945 »que·
783 1861 1067 1945 praemio
1124 1862 1334 1943 perire
1385 1862 1698 1941 sinerent;
1757 1863 1865 1927 alii
1908 1862 2226 1946 negabant
2268 1881 2411 1925 eum
2462 1865 2638 1947 prius
2686 1864 2835 1928 mit-

568 1987 778 2055 »tere,
834 1996 1025 2059 quam
1079 1974 1488 2039 satisfecisset
1524 1957 1719 2075 jx&
1758 1976 1847 2062 k),
1913 1978 2019 2061 qui
2073 1998 2214 2043 eum
2268 1977 2583 2059 captivum
2635 1978 2834 2041 duxe-

567 2101 706 2156 »rat
734 2090 796 2178 1).
897 2092 1027 2154 Sed
1085 2099 1153 2154 ut
1201 2090 1485 2154 vinceret
1538 2092 1720 2174 prior
1772 2092 2116 2171 sententia,
2180 2092 2495 2155 efficiebat
2535 2092 2833 2166 foemina;

567 2213 745 2271 »erat
786 2213 996 2270 autem
1036 2205 1152 2269 illa
1193 2203 1499 2282 Raithah,
1549 2203 1692 2268 *filia
1744 2204 2043 2268 Dschidzl
2100 2206 2450 2278 et-Thi’ani
2490 2206 2584 2292 m).
2667 2209 2834 2284 Haec

567 2320 770 2383 »enim
816 2326 1009 2399 noctu
1052 2339 1169 2400 per
1208 2320 1442 2394 tribum
1485 2317 1898 2404 διασοβοῦσα
1942 2318 2034 2381 sic
2079 2319 2383 2384 canebat:

907 2434 1201 2513 »Absque
1249 2432 1444 2496 dubio
1485 2434 1905 2514 rependemus
1948 2434 2232 2496 Doraido
2277 2436 2539 2518 gratiam
2587 2436 2729 2499 ioco
2773 2443 2832 2498 et

819 2544 1076 2611 nomine
1102 2543 1385 2608 Rabi'ae.
1467 2546 1755 2609 Postulat
1790 2546 1952 2608 enim
1991 2548 2297 2630 aequitaS,
2342 2558 2407 2612 ut
2439 2549 2630 2633 digna
2661 2550 2832 2614 factis

821 2666 884 2723 et
911 2658 1150 2721 merita
1195 2660 1463 2741 quisque
1507 2670 1930 2743 consequatur
1968 2703 2054 2713 --
2097 2699 2181 2710 -·

568 2773 817 2836 »Altero
874 2772 1092 2855 itaque
1145 2792 1334 2837 mane
1392 2773 1788 2839 dimittebant
1828 2756 2032 2859 ipsum
2076 2780 2141 2839 in
2183 2778 2537 2863 libertatem
2585 2787 2651 2842 et
2688 2778 2834 2867 foe-

568 2888 777 2951 »mina
816 2887 1109 2952 honesto
1141 2888 1310 2953 cultu
1359 2889 1741 2972 expediebat
1773 2891 1854 2954 ad
1893 2891 2162 2974 gentiles
2196 2892 2350 2976 ejus.
2438 2894 2686 2965 Doraid
2718 2912 2836 2958 au-

667 3183 719 3256 f)
755 3181 978 3254 Signum
1014 3182 1122 3237 hoc
1159 3189 1296 3248 erat,
1347 3181 1495 3255 quod
1531 3183 1609 3249 is,
1658 3182 1752 3255 qui
1787 3181 1844 3237 id
1884 3181 2139 3250 faciebat,
2188 3184 2442 3250 alterum,
2489 3184 2581 3239 cui
2619 3183 2833 3258 pallium

563 3299 720 3336 suum
758 3280 1224 3353 superinjiciebat,
1259 3283 1318 3336 in
1354 3274 1505 3336 suain
1542 3282 1932 3354 protectionem
1967 3291 2219 3339 sumeret.
2699 3294 2748 3367 ς

557 3439 561 3444 .
612 3390 613 3393 “
669 3396 720 3468 g)
756 3395 857 3452 Est
893 3415 1024 3468 gens
1059 3398 1320 3470 quaedam
1358 3397 1681 3455 Kinanitica.

667 3513 722 3586 h)
761 3523 914 3567 notre
949 3515 1182 3600 homme,
1215 3515 1310 3601 iile
1349 3517 1567 3589 quicum
1604 3515 1763 3572 nobis
1789 3528 1888 3572 'res
1922 3517 2042 3572 fuit.

686 3631 725 3705 i)
766 3637 831 3686 Τι’
865 3633 1087 3698 ἔπαθενς
1150 3632 1277 3705 quid
1319 3633 1425 3704 ipsi
1462 3633 1715 3704 contigit,
1763 3633 1909 3707 quod
1945 3653 2068 3690 eum
2105 3653 2214 3689 non
2253 3635 2505 3693 videam?
2579 3628 2690 3694 Ubi
2725 3637 2835 3695 est?

668 3750 724 3822 k)
763 3748 957 3805 Nescio
995 3749 1131 3804 sitne
1167 3749 1449 3821 proprium
1488 3736 1713 3818 nomen,
1765 3770 1832 3806 an
1869 3736 2258 3824 participium,
2288 3764 2477 3809 notans
2516 3755 2703 3823 illum,
2748 3714 2835 3829 qui

561 3868 684 3907 eum
723 3850 822 3904 sub
862 3850 1248 3921 protectionem
1287 3867 1438 3904 suam
1473 3858 1769 3920 receperat.

682 3967 722 4041 l)
759 3966 942 4023 Potest
976 3968 1119 4023 enim
1158 3964 1184 4019 ὅ
1219 3960 1425 4043 ζωγρῶν
1457 3967 1618 4022 simul
1656 3984 1774 4024 esse
1811 3975 2101 4039 protector,
2137 3966 2246 4041 qui,
2278 3969 2567 4041 quominus
2605 3968 2834 4026 occida-

561 4075 648 4123 tur
682 4067 937 4138 captivuS,
972 4062 1270 4121 intercedit.
1665 4078 1668 4081 ’

662 4185 734 4256 m)
771 4182 894 4239 Non
931 4193 1011 4239 est
1044 4201 1243 4243 nomen
1273 4183 1572 4255 proprium,
1610 4183 1703 4238 sed
1739 4185 1923 4240 titulus
1959 4194 2050 4240 aut
2084 4203 2402 4256 cognomen,
2436 4194 2628 4241 notans
2655 4172 2836 4257 palum

562 4282 863 4338 frictorium
901 4292 1114 4338 mutuae
1151 4283 1531 4349 confossioniS,
1568 4284 1765 4354 palum,
1802 4284 1868 4339 ad
1899 4302 2059 4357 quem
2089 4303 2147 4340 se
2176 4284 2387 4350 fricare,
2426 4296 2677 4359 tanquam
2706 4298 2837 4341 sca‘-

562 4382 705 4436 biosi
742 4388 794 4437 ct
828 4382 1130 4453 prurientes
1155 4383 1362 4449 cameli,
1398 4391 1619 4454 possent
1648 4382 1843 4439 heroes
1872 4381 2225 4454 ἀλληλοφόνοι,
2261 4402 2485 4440 suorum
2515 4387 2837 4456 sanguinum

567 4481 822 4539 sitientes.
2045 4492 2048 4496 ⁴
