2981 5125
1413 280 1980 356 -104—

567 477 666 530 »et
711 467 789 529 ad
838 470 1331 551 recuperandum
1374 470 1607 533 avitum
1650 469 1928 554 regnum)
1973 467 2433 548 imploraturuS,
2480 462 2843 543 relinquens

567 600 749 643 »suas
797 580 1027 644 loricas
1067 583 1121 665 u)
1184 585 1348 664 apud
1398 586 1581 646 istum
1626 583 2010 660 Samuelem,
2071 581 2270 644 filium
2315 579 2518 662 Adija.
2604 579 2738 639 Isto
2786 576 2842 637 in

565 696 827 758 »itinere
886 717 1002 758 suo
1067 697 1372 759 transibat
1428 697 1840 761 Amrul-Kais
1901 699 2234 760 Hamatam
2295 702 2358 756 et
2416 690 2843 765 Schaizarum,

566 819 665 872 »et
714 810 963 872 dicebat
1007 809 1256 874 celebre
1302 811 1459 874 illud
1508 833 1761 876 carmen
1803 832 1999 887 suum,
2051 811 2223 892 quod
2253 807 2471 889 incipit
2503 805 2604 874 his
2636 804 2839 867 verbis

1190 914 1354 1011 ijo-35
1394 913 1497 1013 Ol<
1531 916 1581 981 Lo
1614 926 1747 999 Osa-3
1777 923 1948 1007 ff
1980 912 2089 982 ὠ
2128 919 2226 986 [ιον

667 1129 670 1130 V
896 1042 1139 1107 »Crevit
1184 1044 1293 1107 tibi
1339 1046 1767 1124 desiderium,
1814 1044 1964 1108 olim
2012 1044 2338 1127 exiguum,
2383 1048 2500 1103 etc·

571 1155 700 1215 »Ex
750 1154 974 1216 eodem
1019 1166 1164 1220 sunt
1206 1159 1579 1240 sequentia:

901 1270 1425 1335 »Perficiebamus
1472 1274 1728 1356 negotia
1773 1269 2160 1334 necessitatis
2200 1277 2263 1332 et
2294 1269 2527 1333 amoris
2564 1286 2842 1349 vespera,

825 1401 985 1464 »qua
1033 1386 1452 1447 transibamus
1497 1387 1826 1449 Hamatam
1873 1394 1935 1448 et
1977 1384 2379 1448 Schaizarum
2418 1382 2493 1467 Υ).

916 1496 1250 1560 »Plorabat
1297 1518 1469 1560 meus
1516 1499 1754 1563 sodalis
1784 1499 1888 1584 w),
1956 1520 2146 1580 quum
2204 1498 2445 1560 videret
2500 1515 2718 1560 coram
2778 1515 2839 1557 se
2928 1481 2929 1490 ¹

830 1611 1143 1673 »Dat-bum
1185 1613 1235 1695 x)
1283 1622 1345 1674 et
1374 1612 1524 1675 inde
1555 1614 1914 1698 colligebat,
1959 1633 2166 1694 neque
2203 1613 2531 1676 dubitabat
2560 1611 2837 1694 amplius,

836 1744 990 1787 »nos
1040 1726 1118 1786 ad
1167 1709 1501 1789 Caesarem
1548 1728 1827 1792 tendere.

919 1837 1081 1900 »Sed
1130 1860 1246 1922 ego
1295 1840 1585 1904 dicebam
1632 1843 1780 1925 ipsi:
1825 1842 1914 1904 Ne
1961 1841 2170 1922 ploret
2215 1837 2435 1900 oculus
2488 1846 2662 1914 tuus,
2707 1855 2836 1898 nam

835 1953 1233 2034 »quaerimus
1280 1974 1540 2037 regnum
1574 1954 1651 2040 y).
1749 1958 1874 2019 Aut
1933 1953 2069 2038 (nisi
2114 1952 2181 2016 id
2226 1951 2644 2035 obtineamus)
2705 1970 2834 2012 mo-

830 2066 1103 2128 »riemur
1148 2076 1210 2130 et
1253 2069 1439 2150 culpa
1486 2069 1718 2133 erimus
1764 2070 1946 2132 liberi
1985 2068 2059 2153 Ζ).

748 2179 1152 2243 »Laborabat
1191 2182 1606 2246 Amrul-Kais
1654 2184 1865 2246 ulcere
1918 2180 2039 2265 (vel
2081 2178 2308 2263 fistula)
2357 2180 2489 2261 jam
2534 2178 2731 2261 longo
2775 2197 2839 2239 ex

505 2369 508 2372 Ι
578 2300 934 2373 »tempore;
1000 2313 1080 2357 eo
1122 2304 1409 2375 spectant
1450 2296 1543 2357 illi
1589 2298 1723 2381 ejus
1767 2316 2016 2372 versuS,
2070 2301 2349 2376 quorum
2381 2312 2540 2354 unus
2587 2300 2687 2354 est
2722 2292 2839 2353 hic:

922 2408 1132 2468 »Loco
1178 2407 1409 2470 veteris
1452 2407 1624 2471 illius
1670 2429 1851 2472 meae
1894 2407 2179 2471 sanitatis
2224 2407 2440 2487 accepi
2484 2405 2662 2468 ulcus
2700 2424 2839 2467 san-

834 2517 1082 2601 guinem
1138 2520 1422 2604 plorans.
1526 2526 1681 2592 Fata
1734 2543 1876 2588 mea
1932 2522 2155 2607 procul
2218 2521 2411 2587 dubio
2456 2519 2520 2583 in
2566 2520 2746 2606 pejus
2787 2518 2839 2581 in

767 2674 771 2678 -
836 2633 1259 2700 dies'ruunt.«

753 2749 1075 2812 »Tandem
1136 2751 1200 2813 in
1262 2751 1465 2814 reditu
1511 2771 1628 2814 suo
1674 2770 1751 2813 ex
1795 2751 1941 2813 aula
1984 2751 2389 2832 Imperatoris
2435 2749 2658 2813 obibat
2700 2750 2839 2812 Am-

581 2859 913 2924 »rul-Kais
959 2864 1022 2925 in
1068 2865 1388 2927 territorio
1438 2865 1682 2928 Graeco
1723 2864 1773 2950 a)
1833 2865 2000 2947 apud
2059 2874 2337 2928 montem
2379 2862 2548 2926 'Aslb
2606 2861 2841 2925 dictum.

564 2976 774 3037 »Inde
819 2977 1129 3061 intelligas
1174 2979 1326 3040 illud
1372 2979 1527 3062 ejuS,
1573 2978 1746 3060 quod
1787 2978 2213 3041 imminentem
2247 2978 2366 3040 sibi
2399 2975 2667 3041 mortem
2704 2993 2839 3039 sen-

583 3089 784 3153 »tiens
832 3093 1167 3156 efferebat:

925 3188 1021 3266 »O
1066 3205 1273 3267 vicina
1316 3214 1536 3268 nostra
1574 3205 1659 3290 b)!
1749 3207 2063 3268 Fortunae
2117 3205 2307 3267 miras
2359 3204 2621 3271 volvunt
2662 3202 2841 3266 vicis-

836 3314 1168 3393 situdines3
1234 3328 1294 3381 et
1354 3318 1502 3380 hinc
1560 3327 1655 3380 est
1709 3320 1878 3400 quod
1934 3339 2052 3403 ego
2089 3317 2138 3402 c)
2182 3319 2285 3381 hic
2331 3319 2598 3382 debeam
2642 3317 2840 3382 subsi-

840 3437 1007 3490 stere
1054 3439 1115 3511 et
1156 3450 1408 3493 manere
1447 3430 1538 3516 d),
1586 3433 1882 3513 quamdiu
1926 3441 2167 3516 perstat
2207 3432 2393 3495 'Asin

688 3640 743 3709 u)
783 3639 838 3694 id
877 3649 982 3694 est:
1020 3649 1339 3713 apparatum⁴
1372 3660 1526 3695 suum
1567 3642 1838 3696 bellicum.

691 3729 743 3800 v)
780 3726 932 3782 llaec
969 3730 1092 3784 ideo
1134 3732 1287 3785 affert
1321 3730 1609 3798 Abulseda,
1658 3742 1715 3786 ut
1756 3731 1884 3785 mihi
1924 3731 2148 3796 videtur,
2184 3750 2365 3787 amore
2403 3742 2453 3787 et
2488 3732 2667 3787 studio
2709 3732 2843 3788 cele-

579 3818 815 3877 brandae
854 3819 1058 3890 patriae
1096 3839 1243 3874 suae.

675 3907 744 3979 w)
786 3907 832 3960 is
872 3917 984 3961 erat
1020 3908 1135 3979 ejus
1176 3927 1377 3963 servus.

688 3998 740 4064 x)
781 3995 970 4068 Pylas,
1010 3997 1231 4053 Ciliciae
1267 4001 1522 4054 nimirum
1563 3999 1705 4072 apud
1742 4000 1915 4053 sinum
1956 3998 2210 4066 Issicum,
2248 4010 2306 4054 ut
2342 4010 2488 4072 puto.

689 4087 743 4157 y)
784 4085 1022 4158 Ideoque
1062 4090 1194 4148 dura
1235 4090 1376 4144 serre
1414 4100 1465 4144 et
1502 4100 1847 4143 contemnere
1884 4090 2157 4144 debemus·

675 4165 746 4245 ἰ)
786 4174 1253 4248 Quandoquidem,
1291 4189 1546 4250 quantum
1582 4180 1637 4233 in
1676 4181 1880 4234 viribus
1918 4182 2112 4234 nostris
2151 4180 2306 4234 situm
2348 4178 2521 4244 suerit,
2560 4180 2848 4234 fecerimus.

690 4265 739 4334 a)
778 4263 918 4316 haud
957 4267 1148 4335 procul
1188 4263 1420 4339 Ancyra.

692 4354 747 4425 b)
782 4352 915 4408 Erat
953 4354 1026 4409 ibi
1061 4353 1301 4410 Romana
1340 4357 1598 4428 quaedam
1640 4360 1820 4431 puella
1854 4360 2078 4430 sepulta.

689 4445 738 4514 c)
777 4443 951 4497 Arabs
990 4461 1054 4497 ex
1102 4444 1356 4499 interiore
1398 4444 1619 4500 Arabia.
1954 4446 2007 4520 d)
2049 4448 2103 4501 in
2140 4444 2269 4501 Asia
2309 4440 2529 4501 minore.
