2981 5125
1426 306 2002 426 '‘goa-4

888 497 1037 558 »Hi
1083 497 1451 559 occiderunt
1503 496 1807 560 Schasum
1859 517 2072 582 regum
2128 497 2234 580 (sc.
2279 498 2545 560 amicum
2591 506 2657 561 et
2699 499 2843 560 affi-

826 610 1012 695 nem),
1058 619 1120 673 et
1161 618 1404 691 patrem
1441 611 1576 693 ejus
1607 610 1941 673 Zohairum
1982 611 2048 671 in
2092 610 2506 673 humilitatem
2551 618 2619 673 et
2660 630 2845 673 moe-

828 746 1039 787 rorem
1076 731 1264 804 atque
1295 725 1628 802 fremitum,
1672 726 1928 809 ejusque
1974 742 2192 786 nasum
2236 723 2299 785 in
2344 725 2670 807 pulverem
2725 725 2848 788 de-

828 848 1211 918 presserunh

753 953 943 1013 »Inde
986 952 1105 1014 fuit
1147 958 1308 1014 (lies
1351 959 1868 1026 en-Nafrawn,
1912 972 2039 1034 quo
2069 951 2366 1014 Amiritae
2396 951 2677 1014 vicerunt
2713 952 2849 1013 Ah-

582 1067 772 1128 »sitas
810 1065 897 1150 g),
954 1074 1017 1129 et
1059 1086 1185 1147 quo
1230 1064 1464 1127 Zohair
1509 1066 1756 1128 occisus
1801 1066 1947 1142 fuit,
1992 1066 2158 1128 filius
2194 1064 2695 1154 Dschadzimah,
2735 1063 2848 1126 filii

584 1180 976 1255 »Rewahah,
1035 1179 1271 1241 Absita.
1371 1180 1673 1242 Nimirum
1719 1179 2145 1245 Hawazinitae
2197 1180 2492 1264 solebant
2548 1179 2607 1241 ei
2651 1179 2849 1241 tribu-

586 1301 753 1354 »tum
809 1273 1080 1355 solvere.
1166 1293 1476 1374 Adeoque
1531 1294 1827 1357 veniebat
1887 1294 2072 1362 etiam
2130 1313 2287 1355 anus
2344 1312 2565 1354 eorum
2627 1291 2846 1374 aliqua,

586 1414 826 1467 »utrem
871 1405 1077 1489 butyri
1124 1409 1415 1485 afferens,
1460 1409 1633 1490 quod
1680 1429 1868 1490 quum
1910 1408 2114 1491 gustui
2150 1405 2401 1469 Zohairi
2446 1426 2516 1467 se
2561 1425 2688 1468 non
2732 1417 2845 1486 ap-

588 1520 946 1600 ›>probaret,
991 1520 1519 1584 trudebatanum
1565 1541 1714 1585 arcu
1758 1542 1897 1597 suo,
1953 1507 2019 1582 ht
2062 1528 2230 1582 retro
2277 1520 2342 1580 in
2386 1518 2647 1580 dorsum
2688 1515 2848 1579 humi
2919 1495 2946 1550 ’ἶ

589 1633 859 1695 »cadens
906 1632 1159 1696 tolleret
1201 1624 1397 1715 pedes
1442 1634 1508 1695 in
1560 1634 1753 1697 altum
1800 1643 1862 1697 et
1908 1635 2108 1716 turpia
2155 1634 2463 1715 quaedam
2497 1627 2847 1713 conspectui

591 1747 827 1808 »daret.
914 1746 982 1808 ld
1032 1753 1157 1808 tam
1202 1764 1392 1827 aegre
1435 1746 1697 1822 ferebat,
1755 1767 1968 1810 coram
2014 1767 2139 1827 quo
2186 1747 2250 1809 id
2297 1745 2643 1821 accidebat,
2687 1742 2847 1805 Cha-

594 1860 753 1936 »lids
782 1860 950 1922 filius
996 1858 1361 1937 Dscha'sari,
1407 1858 1741 1945 (Kilabita,)
1790 1871 1856 1925 ut
1896 1863 2152 1945 juraret,
2196 1869 2320 1923 tam
2369 1860 2473 1919 diu
2517 1856 2846 1919 luctaturus

593 1974 774 2037 »fore
820 1993 960 2037 cum
1004 1975 1311 2051 Zohairo,
1367 1977 1631 2058 ejusque
1676 1974 1913 2037 collum
1959 1994 2075 2036 suo
2121 1972 2385 2036 brachio
2432 1970 2849 2052 implicitatus,

595 2088 840 2149 »donec
886 2095 994 2149 aut
1035 2087 1163 2162 ille,
1211 2096 1317 2149 aut
1360 2087 1805 2169 ipseperierit.
1855 2089 2038 2172 *Erat
2071 2094 2277 2149 autem
2306 2086 2538 2149 Zohair
2575 2085 2671 2148 vir
2694 2091 2849 2145 stre-

597 2221 827 2277 »nuus‚
891 2201 1168 2281 ideoque
1212 2200 1309 2262 sui
1355 2201 1742 2264 confidentia
1788 2221 2077 2284 egressus
2125 2221 2159 2263 e
2205 2209 2389 2284 gente
2433 2217 2551 2261 sua
2595 2218 2733 2261 cum
2773 2195 2850 2258 li-

597 2314 802 2375 »beris
848 2315 976 2375 suis
1022 2321 1085 2375 et
1127 2314 1385 2376 fratrum
1432 2332 1724 2392 suorum,
1789 2316 2029 2403 Osaidi
2056 2323 2117 2378 et
2157 2314 2445 2390 Zimba'i,
2507 2313 2735 2396 Morigi
2772 2309 2849 2372 ’l-

600 2425 905 2486 »Gaibani
964 2422 1350 2508 (scrutatoris
1395 2430 1819 2513 secretorum‚)
1879 2437 1941 2491 et
1997 2428 2253 2491 camelis
2306 2436 2430 2489 tam
2478 2428 2612 2510 jam
2657 2426 2850 2499 foetiS‚

601 2557 825 2620 »quam
862 2537 1138 2600 nondum
1175 2539 1467 2624 gravidis,
1512 2560 1582 2604 se
1626 2542 1997 2605 conferebat
2040 2542 2122 2604 ad
2169 2541 2626 2619 el-Harithum,
2669 2540 2853 2603 filium
2947 2559 2948 2587 ¹

544 2688 549 2693 -
602 2653 1074 2730 »es-Scharidi,
1133 2655 1307 2738 cujus
1352 2647 1706 2745 el—Harithi
1749 2677 2068 2733 sororem,
2114 2657 2475 2733 Tomathir,
2532 2657 2601 2718 in
2646 2654 2857 2718 matri*

602 2767 854 2829 »monio
900 2767 1195 2829 habebat.
1281 2769 1512 2830 Verum
1560 2768 1907 2846 el-Harith,
1955 2778 2023 2832 ut
2064 2770 2318 2834 Zohairi
2362 2770 2578 2832 locum
2623 2789 2861 2852 cogno-

602 2889 832 2957 »verat,
876 2881 942 2944 id
984 2872 1259 2945 Amiritis
1305 2883 1713 2966 significabat,
1760 2905 2025 2965 quorum
2063 2884 2209 2946 inde
2254 2904 2366 2947 sex
2386 2877 2511 2946 'viri
2546 2881 2863 2966 praecipui

600 2996 1161 3071 »conscendebant
1197 2996 1259 3068 in
1307 3015 1539 3077 equos:
1605 2996 1863 3073 Chalid,
1907 2996 2075 3059 filius
2119 2997 2501 3076 Dscha’sari,
2548 3006 2613 3061 et
2659 2982 2865 3072 Sacbi·‚

602 3106 805 3169 »filius
854 3108 1281 3184 es-Scharidi,
1320 3117 1389 3170 .et
1430 3110 1742 3185 Dschorh‚
1783 3109 1950 3171 filius
1999 3108 2344 3188 el-Becca'n',
2391 3120 2452 3173 et
2492 3109 2866 3194 Mo’awijah,

542 3198 547 3203 ”
604 3220 806 3281 »filius
851 3220 1149 3297 Abadah,
1207 3222 1320 3285 filii
1365 3221 1632 3301 'Okaili,
1690 3243 1883 3304 eques
1945 3223 2330 3286 el-Harrari
2387 3222 2554 3306 (equi
2602 3224 2742 3307 ejus
2785 3221 2863 3285 sie

606 3332 847 3417 »dicti),
893 3336 997 3415 qui
1039 3335 1398 3418 Mo’awijah
1444 3336 1599 3398 alias
1645 3338 1833 3399 etiam
1879 3337 2226 3423 el-Achjal
2271 3337 2421 3422 (sive
2467 3331 2502 3403 ὁ
2549 3331 2862 3418 ποικίλος)
2949 3374 2950 3423 5

607 3447 996 3528 »appellatus
1058 3456 1186 3524 est,
1245 3451 1413 3544 unde
1473 3452 1800 3514 descendit
1847 3452 2029 3516 Laila
2071 3450 2502 3537 'l-AchJalitis
2566 3449 2866 3535 (poetria).

608 3563 1043 3626 »observabat
1087 3563 1336 3645 quidem
1386 3564 1615 3641 Osaid,
1665 3565 1917 3628 Zohairi
1963 3566 2189 3644 frater,
2252 3585 2470 3628 eorum
2517 3565 2867 3655 adventum,

607 3677 1064 3757 »edoctumque
1108 3697 1177 3749 se
1223 3678 1619 3762 significabat
1661 3679 1836 3742 fratri
1880 3699 1918 3742 a
1952 3679 2450 3763 speculatoribus
2483 3677 2583 3740 sui
2607 3684 2866 3758 patrue-
2949 3690 2950 3693 ’

609 3790 755 3864 »lis,
798 3790 996 3871 'quod
1055 3792 1116 3853 in
1173 3792 1406 3854 vertice
1464 3792 1647 3855 collis
1691 3793 1957 3856 viderint
1998 3793 2239 3875 species
2283 3791 2647 3866 hominum,
2715 3807 2868 3872 quos

580 3922 775 3967 ⁴»non
818 3910 996 3984 putet
1040 3906 1197 3968 alios
1244 3924 1415 3982 esse,
1463 3925 1649 3988 quam
1696 3906 1941 3987 equites
1978 3905 2428 3985 Amiritarum31
2468 3921 2703 3986 rogare
2745 3903 2873 3964 ita-

612 4034 773 4094 »que
818 4016 968 4079 velit
1013 4037 1153 4080 cum
1198 4027 1382 4102 gente
1426 4040 1544 4082 sua
1583 4041 1666 4083 ·se
1718 4041 1933 4083 rursus
1981 4023 2268 4105 jungere.
2335 4020 2480 4083 Sed
2526 4016 2876 4099 repellebat

613 4145 794 4215 »eum
838 4120 1083 4195 Zobair¹
1115 4132 1454 4222 objurgans
1500 4133 1615 4198 illo
1665 4133 1899 4199 celebri
1946 4137 2079 4219 ejus
2126 4135 2315 4212 ᾶίοῑο,ν
2360 4133 2529 4217 quod
2576 4132 2875 4213 deinceps

714 4383 766 4454 g)
804 4381 1093 4451 Amiritae,
1142 4405 1371 4460 quorum
1420 4394 1545 4460 pars
1598 4399 1718 4445 sunt
1759 4387 2052 4456 Kilabitae,
2100 4390 2377 4461 pertinent·
2414 4387 2481 4443 ad
2529 4385 2794 4442 Hawfain
2829 4392 2879 4438 et

608 4483 732 4537 inde
769 4483 834 4541 ad
877 4483 1153 4543 Chasasah.
2291 4480 2296 4487 ’
