2981 5125
912 299 1554 394 ‘-—167-

140 506 366 568 »Hanc
426 504 829 569 traditionem
885 506 1166 587 prodidit
1223 505 1382 571 Abu
1437 510 1715 575 Dawud
1767 514 1830 577 in
1889 516 2018 580 suis
2065 514 2301 585 Sanan
2359 536 2420 589 et

140 626 302 680 »et-
328 616 801 682 Tirmidzensis
861 620 925 682 in
984 642 1100 684 suo
1166 618 1531 714 Catlaeolico.
1639 631 1790 693 Erat
1852 638 2019 695 terra
2073 636 2291 700 Mareb
2352 641 2417 702 in

141 733 417 795 »Arabia
474 732 659 797 felice
718 709 1080 799 continuata
1139 738 1279 801 solo
1339 739 1591 806 exculto
1638 764 1752 826 per
1793 741 1906 809 sex
1951 751 2255 814 mensium
2299 755 2419 816 iter

138 853 324 922 naut,
386 853 451 924 ut
494 846 600 909 alii
647 847 890 923 dicunt,
948 851 1088 931 plus
1132 870 1315 931 quam
1366 854 1636 919 duorum
1680 860 1993 924 mensium
2037 885 2154 946 pro
2206 870 2416 950 equite

78 1026 82 1031 ,
137 960 522 1042 »diligenter
561 973 884 1045 pergente.
970 965 1183 1047 Ignem
1244 986 1401 1031 unus
1462 970 1544 1031 ab
1604 971 1807 1036 altero
1861 965 2120 1056 poterat
2177 998 2417 1045 accen-

137 1073 401 1159 »dere1')
446 1094 562 1157 per
605 1097 720 1139 sex
765 1078 1074 1141 mensium
1117 1080 1258 1143 iter.
1362 1082 1428 1162 Si
1476 1102 1641 1164 quae
1686 1086 1878 1151 vellet
1920 1092 2155 1156 fructus
2200 1095 2415 1181 legere

134 1187 477 1265 »foemina‚.
520 1189 888 1271 imponebat
930 1192 1445 1277 modiumcapiti
1490 1204 1555 1258 et
1596 1199 1760 1262 inter
1801 1203 2061 1269 arbores
2099 1208 2413 1273 deambu-

136 1302 355 1364 »labat
399 1303 581 1365 simul
628 1304 836 1368 colum
880 1325 1034 1367 nens
1072 1304 1159 1389 k),
1220 1317 1329 1371 aut
1372 1309 1545 1373 aliud
1591 1312 1774 1393 quid,
1821 1319 1992 1398 quod
2038 1320 2263 1400 vellet,
2308 1323 2413 1387 fa-

131 1416 387 1492 »ciens3
451 1417 861 1509 nihilominus
917 1395 1175 1482 domum
1218 1424 1592 1503 reportabat
1633 1446 1812 1490 suum
1857 1432 2139 1495 modium
2185 1434 2413 1499 fructi-

132 1531 295 1593 »bus
356 1531 641 1612 plenum,
704 1534 811 1615 qui
868 1536 1221 1598 successive
1274 1556 1362 1620 'ex
1420 1538 1756 1603 arboribus
1812 1542 2208 1610 decidebant.
2314 1552 2410 1613 De

131 1645 395 1707 »Mareb
460 1646 843 1727 disceptant,
912 1649 1180 1712 fueritne
1243 1652 1412 1734 regis
1474 1673 1742 1732 nomen,
1813 1675 1892 1720 an
1953 1658 2171 1743 palatii
2233 1666 2410 1747 regii.

131 1759 380 1821 »Ambo
442 1780 560 1841 pro
621 1781 734 1824 sua
792 1764 1100 1826 sententia
1163 1770 1493 1846 poetarum
1554 1768 1828 1854 allegant
1889 1773 2072 1836 dicta.
2123 1796 2125 1799 ⁴
2171 1778 2409 1841 Auctor

126 1874 291 1935 »aitt
337 1876 596 1951 Primus,
641 1877 747 1957 qui
794 1877 943 1941 exiit
988 1899 1067 1941 ex
1111 1879 1478 1943 el-Jemana
1523 1892 1783 1965 propter
1825 1897 2147 1967 rupturam
2190 1899 2408 1954 catar-

124 1995 391 2050 »ractae
433 1986 554 2071 (vel
601 1998 942 2052 torrentem
977 1992 1229 2076 obicis),
1273 1992 1388 2055 fuit
1417 1994 1588 2057 'Amr
1619 1996 1975 2082 Mozaikija‚
2019 2000 2186 2065 filius
2218 2007 2406 2082 Amir,

124 2102 258 2161 »de
318 2120 446 2181 quo
496 2103 629 2185 jam
689 2104 753 2166 in
808 2106 1198 2189 genealogiis
1258 2107 1547 2171 diximus,
1590 2146 1676 2156 —
1741 2111 1931 2187 Quod
1975 2135 2126 2180 vero
2169 2120 2406 2201 primu's

126 2216 599 2278 »imminentem
658 2226 1047 2282 catarractae
1100 2220 1343 2282 ruinam
1403 2224 1788 2302 observarit,
1852 2228 2129 2311 ideoque
2172 2234 2404 2314 primus

126 2350 251 2392 »ex
298 2329 662 2414 el-Jemana
711 2333 958 2407 exierit,
1002 2334 1151 2396 inde
1194 2336 1340 2413 fuit,
1396 2339 1569 2419 quod
1615 2338 1898 2402 habebat
1940 2363 2201 2406 uxorem
2246 2346 2406 2409 fati-

128 2444 397 2521 »dicam,
445 2445 730 2528 Tharifat
773 2445 1072 2509 el-Chair
1114 2468 1226 2511 seu
1263 2452 1435 2513 bona
1465 2449 1770 2517 Thartfa'h
1816 2456 2065 2520 dictam.
2149 2459 2263 2523 Illa
2300 2462 2409 2525 vi—

127 2559 351 2621 »derat
407 2558 756 2623 in‘somno
818 2561 1048 2623 nubem
1109 2581 1263 2627 suae
1321 2564 1534 2630 terrae
1570 2570 2029 2648 incubantem,
2096 2576 2394 2653 tonitrua,

125 2673 446 2757 »fulgura,
492 2675 901 2762 fragoresque
948 2676 1267 2752 edentem,
1321 2687 1415 2756 et,
1471 2683 1776 2763 quidquid
1820 2683 2067 2763 feriret,
2124 2691 2398 2752 combu-

120 2795 383 2865 rentem.
471 2789 648 2852 Unde
706 2789 815 2851 illa
875 2791 1207 2871 perterrita
1256 2792 1346 2852 sic
1404 2794 1485 2854 ad
1537 2796 1828 2858 maritum
1882 2817 2061 2861 suum
2111 2801 2396 2866 dicebat:

125 2902 357 2977 »Quod
403 2901 530 2964 vidi
572 2902 767 2965 hodie
811 2902 1037 2988 (nunc),
1083 2903 1234 2966 mihi
1280 2923 1570 2966 somnum
1618 2909 1907 2971 excussit.
1993 2913 2072 2974 Et
2114 2915 2395 2979 interro-

124 3021 343 3097 »gata‚
403 3015 554 3096 quid
599 3015 869 3078 viderit?
930 3017 1163 3079 nubem
1205 3017 1368 3095 vidi,
1412 3019 1654 3102 ajebat,
1700 3021 1967 3103 primum
2012 3034 2392 3109 strepentem

124 3130 417 3206 »tonitru,
464 3130 608 3192 dein
655 3129 864 3212 fulgur
904 3140 1358 3213 aspergentem,
1400 3133 1654 3196 tandem
1702 3142 1764 3197 et
1797 3135 2144 3202 horrisonis
2180 3142 2392 3211 boan-

124 3252 286 3306 »t‘em
325 3243 702 3325 fragoribus
789 3243 958 3306 'Amr
987 3244 1229 3321 videm,
1271 3266 1457 3327 quam
1503 3246 1615 3310 illa
1659 3249 1740 3312 sit
1776 3253 2123 3332 perterrita,
2166 3256 2390 3337 sopie-

124 3359 269 3419 »bat
327 3376 487 3419 eam.
589 3359 819 3420 Postea
882 3358 1317 3441 contingebat,
1388 3366 1454 3424 ut
1512 3381 1653 3426 cum
1711 3358 1927 3445 puella
1989 3363 2108 3450 (vel
2164 3370 2390 3450 pellice

123 3472 435 3554 »quadam
480 3471 615 3556 sua)
657 3472 908 3536 hortum
954 3494 1134 3536 suum
1176 3473 1628 3558 ingrederetur.
1725 3478 1913 3554 Quod
1958 3502 2146 3563 quum
2190 3484 2388 3547 intel-

124 3586 417 3665 »texisset
443 3570 762 3663 Thartfab,
806 3588 1311 3669 prosequebatur
1354 3609 1495 3651 eum
1538 3610 1617 3652 eo
1661 3611 1798 3653 cum
1834 3595 2071 3658 famulo
2106 3600 2385 3678 quodam

123 3696 298 3777 »suo,
342 3700 599 3764 nomine
638 3700 825 3764 Saba.
912 3700 1038 3763 Sed
1084 3719 1340 3784 egressa
1385 3703 1581 3766 domo
1626 3703 1881 3769 videbat
1926 3709 2040 3770 tria
2087 3711 2387 3774 animalia

124 3812 344 3895 »talpis
389 3813 618 3875 similia
642 3812 682 3897 l)
743 3820 949 3875 erecta
1002 3813 1068 3874 in
1124 3834 1276 3879 suos
1335 3817 1569 3898 pedeS,
1626 3819 1880 3900 suisque
1928 3820 2210 3884 manibus
2257 3822 2385 3906 (aut

124 3927 578 3991 »anterioribus
622 3926 909 4019 pedibus)
958 3928 1228 4011 tegentia
1286 3951 1437 3993 suos
1500 3931 1754 4009 oculos,
1813 3934 1985 4014 quod
2029 3934 2381 4019 prodigium

122 4041 374 4103 »videns
420 4040 716 4104 Tharifah
758 4042 1117 4118 restitabat,
1161 4043 1496 4108 desidebat
1536 4045 1747 4122 humi,
1792 4045 2048 4126 suisque
2095 4048 2377 4112 manibus

120 4206 289 4216 ⁶——
551 4208 671 4214 *m

231 4294 269 4366 i)
306 4291 399 4348 Sic
435 4304 492 4349 ut
526 4296 642 4364 ipse
677 4302 927 4348 excutere
964 4313 994 4350 e
1033 4296 1184 4351 silice
1222 4314 1359 4368 opus
1393 4317 1506 4353 non
1544 4298 1778 4354 haberet.

215 4393 273 4463 k)
311 4393 617 4459 &vinnam
690 4390 844 4447 Conf.
882 4392 1146 4446 Heu-odat.
1191 4394 1255 4450 V.
1294 4396 1360 4451 de
1395 4395 1716 4453 Paeonibus·

232 4491 271 4563 l)
309 4488 419 4546 Nos
456 4488 707 4546 Germani
740 4493 972 4564 hamster
1009 4494 1353 4565 appellamus
