<?xml version="1.0" encoding="UTF-8"?>
<!DOCTYPE html PUBLIC "-//W3C//DTD XHTML 1.0 Transitional//EN"
    "http://www.w3.org/TR/xhtml1/DTD/xhtml1-transitional.dtd">
<html xmlns="http://www.w3.org/1999/xhtml" xml:lang="en" lang="en">
 <head>
  <title>
</title>
<meta http-equiv="Content-Type" content="text/html;charset=utf-8" />
  <meta name='ocr-system' content='tesseract 3.04.00' />
  <meta name='ocr-capabilities' content='ocr_page ocr_carea ocr_par ocr_line ocrx_word'/>
</head>
<body>
  <div class='ocr_page' id='page_1' title='image "./regnorumarabico00reisgoog_0268.png"; bbox 0 0 2981 5125; ppageno 0'>
   <div class='ocr_carea' id='block_1_1' title="bbox 1419 342 1983 417">
    <p class='ocr_par' dir='ltr' id='par_1_1' title="bbox 1419 342 1983 417">
     <span class='ocr_line' id='line_1_1' title="bbox 1419 342 1983 417; baseline 0 -18"><span class='ocrx_word' id='word_1_1' title='bbox 1419 342 1983 417; x_wconf 46' lang='grc'><strong>,253-</strong></span> 
     </span>
    </p>
   </div>
   <div class='ocr_carea' id='block_1_2' title="bbox 547 531 2856 3921">
    <p class='ocr_par' dir='ltr' id='par_1_2' title="bbox 547 531 2856 1077">
     <span class='ocr_line' id='line_1_2' title="bbox 547 531 2856 619; baseline -0.001 -18"><span class='ocrx_word' id='word_1_2' title='bbox 547 537 1134 603; x_wconf 60' lang='lat' dir='ltr'><strong>mDschoschamita</strong></span> <span class='ocrx_word' id='word_1_3' title='bbox 1172 534 1224 619; x_wconf 76' lang='lat' dir='ltr'><strong>v)</strong></span> <span class='ocrx_word' id='word_1_4' title='bbox 1268 536 1332 598; x_wconf 92' lang='lat' dir='ltr'><strong>in</strong></span> <span class='ocrx_word' id='word_1_5' title='bbox 1378 534 1588 618; x_wconf 90' lang='lat' dir='ltr'><strong>aliqua</strong></span> <span class='ocrx_word' id='word_1_6' title='bbox 1633 552 1745 597; x_wconf 90' lang='lat' dir='ltr'><strong>sua</strong></span> <span class='ocrx_word' id='word_1_7' title='bbox 1789 531 2201 615; x_wconf 81' lang='lat' dir='ltr'><strong>pabulatione</strong></span> <span class='ocrx_word' id='word_1_8' title='bbox 2246 531 2685 613; x_wconf 89' lang='lat' dir='ltr'><strong>deprehensus</strong></span> <span class='ocrx_word' id='word_1_9' title='bbox 2733 554 2856 598; x_wconf 88' lang='lat' dir='ltr'><strong>ve-</strong></span> 
     </span>
     <span class='ocr_line' id='line_1_3' title="bbox 569 646 2852 730; baseline -0.002 -14"><span class='ocrx_word' id='word_1_10' title='bbox 569 654 846 717; x_wconf 90' lang='lat' dir='ltr'><strong>»nabulo</strong></span> <span class='ocrx_word' id='word_1_11' title='bbox 889 653 1254 715; x_wconf 88' lang='lat' dir='ltr'><strong>interfectus</strong></span> <span class='ocrx_word' id='word_1_12' title='bbox 1302 655 1414 712; x_wconf 91' lang='lat' dir='ltr'><strong>est.</strong></span> <span class='ocrx_word' id='word_1_13' title='bbox 1493 649 1623 711; x_wconf 25' lang='lat' dir='ltr'><strong>[Iste</strong></span> <span class='ocrx_word' id='word_1_14' title='bbox 1664 649 1815 710; x_wconf 89' lang='lat' dir='ltr'><strong>Amr</strong></span> <span class='ocrx_word' id='word_1_15' title='bbox 1859 646 2024 710; x_wconf 90' lang='lat' dir='ltr'><strong>enim</strong></span> <span class='ocrx_word' id='word_1_16' title='bbox 2070 647 2467 727; x_wconf 78' lang='lat' dir='ltr'><strong>sequebatur,</strong></span> <span class='ocrx_word' id='word_1_17' title='bbox 2512 669 2710 730; x_wconf 88' lang='lat' dir='ltr'><strong>quem</strong></span> <span class='ocrx_word' id='word_1_18' title='bbox 2746 649 2852 712; x_wconf 74' lang='lat' dir='ltr'><strong>v&#39;i-</strong></span> 
     </span>
     <span class='ocr_line' id='line_1_4' title="bbox 570 763 2853 846; baseline -0.001 -17"><span class='ocrx_word' id='word_1_19' title='bbox 570 769 821 846; x_wconf 82' lang='lat' dir='ltr'><strong>»dehat,</strong></span> <span class='ocrx_word' id='word_1_20' title='bbox 863 766 1270 829; x_wconf 87' lang='lat' dir='ltr'><strong>Haschimum</strong></span> <span class='ocrx_word' id='word_1_21' title='bbox 1308 763 1556 827; x_wconf 86' lang='lat' dir='ltr'><strong>dicens:</strong></span> <span class='ocrx_word' id='word_1_22' title='bbox 1599 764 1760 840; x_wconf 93' lang='lat' dir='ltr'><strong>Non,</strong></span> <span class='ocrx_word' id='word_1_23' title='bbox 1802 782 1922 845; x_wconf 90' lang='lat' dir='ltr'><strong>per</strong></span> <span class='ocrx_word' id='word_1_24' title='bbox 1963 780 2185 824; x_wconf 85' lang='lat' dir='ltr'><strong>nasum</strong></span> <span class='ocrx_word' id='word_1_25' title='bbox 2229 782 2457 837; x_wconf 87' lang='lat' dir='ltr'><strong>meum,</strong></span> <span class='ocrx_word' id='word_1_26' title='bbox 2500 763 2652 826; x_wconf 90' lang='lat' dir='ltr'><strong>hinc</strong></span> <span class='ocrx_word' id='word_1_27' title='bbox 2690 783 2853 828; x_wconf 81' lang='lat' dir='ltr'><strong>eva-</strong></span> 
     </span>
     <span class='ocr_line' id='line_1_5' title="bbox 569 875 2848 959; baseline -0 -17"><span class='ocrx_word' id='word_1_28' title='bbox 569 884 718 945; x_wconf 89' lang='lat' dir='ltr'><strong>»det</strong></span> <span class='ocrx_word' id='word_1_29' title='bbox 761 881 1014 945; x_wconf 84' lang='lat' dir='ltr'><strong>occisor</strong></span> <span class='ocrx_word' id='word_1_30' title='bbox 1040 876 1385 953; x_wconf 85' lang='lat' dir='ltr'><strong>Mo&#39;awiae,</strong></span> <span class='ocrx_word' id='word_1_31' title='bbox 1431 885 1496 939; x_wconf 90' lang='lat' dir='ltr'><strong>et</strong></span> <span class='ocrx_word' id='word_1_32' title='bbox 1528 877 1918 959; x_wconf 88' lang='lat' dir='ltr'><strong>propinquus</strong></span> <span class='ocrx_word' id='word_1_33' title='bbox 1950 876 2074 959; x_wconf 91' lang='lat' dir='ltr'><strong>ipsi</strong></span> <span class='ocrx_word' id='word_1_34' title='bbox 2105 875 2327 952; x_wconf 80' lang='lat' dir='ltr'><strong>factuS,</strong></span> <span class='ocrx_word' id='word_1_35' title='bbox 2369 875 2691 941; x_wconf 85' lang='lat' dir='ltr'><strong>venabulo</strong></span> <span class='ocrx_word' id='word_1_36' title='bbox 2729 898 2848 941; x_wconf 90' lang='lat' dir='ltr'><strong>suo</strong></span> 
     </span>
     <span class='ocr_line' id='line_1_6' title="bbox 566 990 1472 1077; baseline -0.006 -21"><span class='ocrx_word' id='word_1_37' title='bbox 566 994 946 1058; x_wconf 84' lang='lat' dir='ltr'><strong>»calvariam</strong></span> <span class='ocrx_word' id='word_1_38' title='bbox 993 994 1125 1077; x_wconf 85' lang='lat' dir='ltr'><strong>ejus</strong></span> <span class='ocrx_word' id='word_1_39' title='bbox 1168 990 1472 1053; x_wconf 81' lang='lat' dir='ltr'><strong>findebat.</strong></span> 
     </span>
    </p>

    <p class='ocr_par' dir='ltr' id='par_1_3' title="bbox 555 1103 2845 2759">
     <span class='ocr_line' id='line_1_7' title="bbox 737 1103 2845 1170; baseline 0.001 -3"><span class='ocrx_word' id='word_1_40' title='bbox 737 1107 928 1169; x_wconf 86' lang='lat' dir='ltr'><strong>»Inde</strong></span> <span class='ocrx_word' id='word_1_41' title='bbox 986 1105 1104 1169; x_wconf 87' lang='lat' dir='ltr'><strong>fuit</strong></span> <span class='ocrx_word' id='word_1_42' title='bbox 1157 1113 1372 1167; x_wconf 70' lang='lat' dir='ltr'><strong>Jaum</strong></span> <span class='ocrx_word' id='word_1_43' title='bbox 1424 1110 1795 1168; x_wconf 70' lang='lat' dir='ltr'><strong>el-Athal.</strong></span> <span class='ocrx_word' id='word_1_44' title='bbox 1880 1103 1984 1168; x_wconf 91' lang='lat' dir='ltr'><strong>Ait</strong></span> <span class='ocrx_word' id='word_1_45' title='bbox 2023 1104 2164 1167; x_wconf 91' lang='lat' dir='ltr'><strong>Abu</strong></span> <span class='ocrx_word' id='word_1_46' title='bbox 2210 1104 2537 1168; x_wconf 87' lang='lat' dir='ltr'><strong>Obaidah:</strong></span> <span class='ocrx_word' id='word_1_47' title='bbox 2594 1106 2845 1170; x_wconf 88' lang='lat' dir='ltr'><strong>Deinde</strong></span> 
     </span>
     <span class='ocr_line' id='line_1_8' title="bbox 565 1219 2843 1301; baseline 0 -20"><span class='ocrx_word' id='word_1_48' title='bbox 565 1221 965 1283; x_wconf 83' lang='lat' dir='ltr'><strong>»instituebat</strong></span> <span class='ocrx_word' id='word_1_49' title='bbox 1010 1221 1210 1283; x_wconf 87' lang='lat' dir='ltr'><strong>Sachr</strong></span> <span class='ocrx_word' id='word_1_50' title='bbox 1255 1219 1724 1301; x_wconf 83' lang='lat' dir='ltr'><strong>expeditionem</strong></span> <span class='ocrx_word' id='word_1_51' title='bbox 1770 1220 2072 1282; x_wconf 86' lang='lat' dir='ltr'><strong>adversus</strong></span> <span class='ocrx_word' id='word_1_52' title='bbox 2116 1226 2414 1301; x_wconf 88' lang='lat' dir='ltr'><strong>posteros</strong></span> <span class='ocrx_word' id='word_1_53' title='bbox 2457 1219 2687 1299; x_wconf 83' lang='lat' dir='ltr'><strong>Asadi,</strong></span> <span class='ocrx_word' id='word_1_54' title='bbox 2732 1219 2843 1283; x_wconf 88' lang='lat' dir='ltr'><strong>filii</strong></span> 
     </span>
     <span class='ocr_line' id='line_1_9' title="bbox 565 1332 2842 1416; baseline 0.001 -22"><span class='ocrx_word' id='word_1_55' title='bbox 565 1334 1008 1409; x_wconf 83' lang='lat' dir='ltr'><strong>»Chozaimah‚</strong></span> <span class='ocrx_word' id='word_1_56' title='bbox 1051 1339 1347 1415; x_wconf 91' lang='lat' dir='ltr'><strong>totosque</strong></span> <span class='ocrx_word' id='word_1_57' title='bbox 1394 1352 1615 1395; x_wconf 87' lang='lat' dir='ltr'><strong>eorum</strong></span> <span class='ocrx_word' id='word_1_58' title='bbox 1663 1352 1881 1416; x_wconf 85' lang='lat' dir='ltr'><strong>greges</strong></span> <span class='ocrx_word' id='word_1_59' title='bbox 1918 1332 2232 1415; x_wconf 81' lang='lat' dir='ltr'><strong>abigebat.</strong></span> <span class='ocrx_word' id='word_1_60' title='bbox 2314 1334 2487 1398; x_wconf 90' lang='lat' dir='ltr'><strong>Inter</strong></span> <span class='ocrx_word' id='word_1_61' title='bbox 2517 1334 2684 1399; x_wconf 87' lang='lat' dir='ltr'><strong>haec</strong></span> <span class='ocrx_word' id='word_1_62' title='bbox 2715 1336 2842 1398; x_wconf 89' lang='lat' dir='ltr'><strong>ob-</strong></span> 
     </span>
     <span class='ocr_line' id='line_1_10' title="bbox 563 1444 2841 1531; baseline 0.002 -24"><span class='ocrx_word' id='word_1_63' title='bbox 563 1458 749 1512; x_wconf 87' lang='lat' dir='ltr'><strong>»orto</strong></span> <span class='ocrx_word' id='word_1_64' title='bbox 797 1446 853 1529; x_wconf 85' lang='lat' dir='ltr'><strong>(a</strong></span> <span class='ocrx_word' id='word_1_65' title='bbox 889 1446 1266 1531; x_wconf 86' lang='lat' dir='ltr'><strong>pastoribus)</strong></span> <span class='ocrx_word' id='word_1_66' title='bbox 1314 1447 1596 1511; x_wconf 91' lang='lat' dir='ltr'><strong>clamore</strong></span> <span class='ocrx_word' id='word_1_67' title='bbox 1645 1455 1707 1509; x_wconf 91' lang='lat' dir='ltr'><strong>et</strong></span> <span class='ocrx_word' id='word_1_68' title='bbox 1750 1444 2014 1509; x_wconf 87' lang='lat' dir='ltr'><strong>tumultu</strong></span> <span class='ocrx_word' id='word_1_69' title='bbox 2061 1456 2396 1511; x_wconf 89' lang='lat' dir='ltr'><strong>occurrunt</strong></span> <span class='ocrx_word' id='word_1_70' title='bbox 2432 1450 2741 1511; x_wconf 86' lang='lat' dir='ltr'><strong>Asaditae</strong></span> <span class='ocrx_word' id='word_1_71' title='bbox 2782 1458 2841 1512; x_wconf 89' lang='lat' dir='ltr'><strong>et</strong></span> 
     </span>
     <span class='ocr_line' id='line_1_11' title="bbox 566 1556 2839 1663; baseline -0.002 -34"><span class='ocrx_word' id='word_1_72' title='bbox 566 1560 852 1643; x_wconf 62' lang='lat' dir='ltr'><strong>2&gt;ng</strong></span> <span class='ocrx_word' id='word_1_73' title='bbox 888 1560 1034 1663; x_wconf 53' lang='lat' dir='ltr'><strong>viiii</strong></span> <span class='ocrx_word' id='word_1_74' title='bbox 1069 1556 1174 1629; x_wconf 60' lang='grc' dir='ltr'><strong>υἱὲ</strong></span> <span class='ocrx_word' id='word_1_75' title='bbox 1220 1563 1438 1625; x_wconf 90' lang='lat' dir='ltr'><strong>abibat</strong></span> <span class='ocrx_word' id='word_1_76' title='bbox 1493 1562 1769 1645; x_wconf 89' lang='lat' dir='ltr'><strong>populus</strong></span> <span class='ocrx_word' id='word_1_77' title='bbox 1828 1571 1972 1623; x_wconf 82' lang='lat' dir='ltr'><strong>cum&#39;</strong></span> <span class='ocrx_word' id='word_1_78' title='bbox 2023 1559 2262 1643; x_wconf 85' lang='lat' dir='ltr'><strong>praeda</strong></span> <span class='ocrx_word' id='word_1_79' title='bbox 2285 1561 2388 1647; x_wconf 82' lang='lat' dir='ltr'><strong>w),</strong></span> <span class='ocrx_word' id='word_1_80' title='bbox 2450 1570 2514 1624; x_wconf 91' lang='lat' dir='ltr'><strong>et</strong></span> <span class='ocrx_word' id='word_1_81' title='bbox 2554 1560 2839 1637; x_wconf 88' lang='lat' dir='ltr'><strong>Rabi&#39;ah,</strong></span> 
     </span>
     <span class='ocr_line' id='line_1_12' title="bbox 568 1674 2835 1757; baseline 0.002 -24"><span class='ocrx_word' id='word_1_82' title='bbox 568 1674 836 1757; x_wconf 85' lang='lat' dir='ltr'><strong>»aliquis</strong></span> <span class='ocrx_word' id='word_1_83' title='bbox 880 1675 1176 1742; x_wconf 77' lang='lat' dir='ltr'><strong>Asadita‚</strong></span> <span class='ocrx_word' id='word_1_84' title='bbox 1241 1676 1545 1739; x_wconf 80' lang='lat' dir='ltr'><strong>Sachrum</strong></span> <span class='ocrx_word' id='word_1_85' title='bbox 1591 1678 1653 1738; x_wconf 93' lang='lat' dir='ltr'><strong>in</strong></span> <span class='ocrx_word' id='word_1_86' title='bbox 1698 1676 1894 1739; x_wconf 89' lang='lat' dir='ltr'><strong>latere</strong></span> <span class='ocrx_word' id='word_1_87' title='bbox 1939 1675 2239 1752; x_wconf 85' lang='lat' dir='ltr'><strong>feriebat,</strong></span> <span class='ocrx_word' id='word_1_88' title='bbox 2306 1683 2373 1737; x_wconf 91' lang='lat' dir='ltr'><strong>ut</strong></span> <span class='ocrx_word' id='word_1_89' title='bbox 2413 1674 2566 1737; x_wconf 89' lang='lat' dir='ltr'><strong>inde</strong></span> <span class='ocrx_word' id='word_1_90' title='bbox 2612 1693 2835 1737; x_wconf 87' lang='lat' dir='ltr'><strong>anuum</strong></span> 
     </span>
     <span class='ocr_line' id='line_1_13' title="bbox 566 1789 2833 1872; baseline 0.002 -24"><span class='ocrx_word' id='word_1_91' title='bbox 566 1789 742 1853; x_wconf 82' lang='lat' dir='ltr'><strong>»fere</strong></span> <span class='ocrx_word' id='word_1_92' title='bbox 786 1799 1168 1872; x_wconf 85' lang='lat' dir='ltr'><strong>aegrotaret,</strong></span> <span class='ocrx_word' id='word_1_93' title='bbox 1229 1789 1358 1853; x_wconf 90' lang='lat' dir='ltr'><strong>suis</strong></span> <span class='ocrx_word' id='word_1_94' title='bbox 1403 1791 1659 1852; x_wconf 86' lang='lat' dir='ltr'><strong>tandem</strong></span> <span class='ocrx_word' id='word_1_95' title='bbox 1704 1789 2035 1872; x_wconf 89' lang='lat' dir='ltr'><strong>gentilibus</strong></span> <span class='ocrx_word' id='word_1_96' title='bbox 2079 1789 2262 1852; x_wconf 83' lang='lat' dir='ltr'><strong>fieret</strong></span> <span class='ocrx_word' id='word_1_97' title='bbox 2307 1789 2636 1852; x_wconf 78' lang='lat' dir='ltr'><strong>molestus·</strong></span> <span class='ocrx_word' id='word_1_98' title='bbox 2723 1790 2833 1852; x_wconf 85' lang='lat' dir='ltr'><strong>Vi-</strong></span> 
     </span>
     <span class='ocr_line' id='line_1_14' title="bbox 565 1901 2832 1987; baseline 0.001 -26"><span class='ocrx_word' id='word_1_99' title='bbox 565 1902 744 1964; x_wconf 82' lang='lat' dir='ltr'><strong>»cina</strong></span> <span class='ocrx_word' id='word_1_100' title='bbox 791 1904 1101 1984; x_wconf 87' lang='lat' dir='ltr'><strong>quaedam</strong></span> <span class='ocrx_word' id='word_1_101' title='bbox 1148 1904 1283 1987; x_wconf 85' lang='lat' dir='ltr'><strong>ejus</strong></span> <span class='ocrx_word' id='word_1_102' title='bbox 1340 1923 1606 1966; x_wconf 84' lang='lat' dir='ltr'><strong>uxorem</strong></span> <span class='ocrx_word' id='word_1_103' title='bbox 1650 1903 1923 1966; x_wconf 87' lang='lat' dir='ltr'><strong>Salmam</strong></span> <span class='ocrx_word' id='word_1_104' title='bbox 1982 1903 2327 1984; x_wconf 90' lang='lat' dir='ltr'><strong>aliquando</strong></span> <span class='ocrx_word' id='word_1_105' title='bbox 2386 1901 2832 1985; x_wconf 87' lang='lat' dir='ltr'><strong>interrogabat,</strong></span> 
     </span>
     <span class='ocr_line' id='line_1_15' title="bbox 563 2013 2832 2101; baseline 0.001 -25"><span class='ocrx_word' id='word_1_106' title='bbox 563 2017 753 2098; x_wconf 85' lang='lat' dir='ltr'><strong>»quid</strong></span> <span class='ocrx_word' id='word_1_107' title='bbox 796 2028 1010 2101; x_wconf 89' lang='lat' dir='ltr'><strong>ageret</strong></span> <span class='ocrx_word' id='word_1_108' title='bbox 1053 2019 1333 2081; x_wconf 77' lang='lat' dir='ltr'><strong>marituS.</strong></span> <span class='ocrx_word' id='word_1_109' title='bbox 1417 2020 1509 2079; x_wconf 89' lang='lat' dir='ltr'><strong>Ea</strong></span> <span class='ocrx_word' id='word_1_110' title='bbox 1554 2038 1708 2080; x_wconf 85' lang='lat' dir='ltr'><strong>vero</strong></span> <span class='ocrx_word' id='word_1_111' title='bbox 1752 2016 2005 2098; x_wconf 83' lang='lat' dir='ltr'><strong>ignara,</strong></span> <span class='ocrx_word' id='word_1_112' title='bbox 2052 2016 2223 2096; x_wconf 91' lang='lat' dir='ltr'><strong>quod</strong></span> <span class='ocrx_word' id='word_1_113' title='bbox 2268 2013 2527 2078; x_wconf 79' lang='lat' dir='ltr'><strong>maritus</strong></span> <span class='ocrx_word' id='word_1_114' title='bbox 2574 2016 2832 2078; x_wconf 87' lang='lat' dir='ltr'><strong>auscul-</strong></span> 
     </span>
     <span class='ocr_line' id='line_1_16' title="bbox 557 2128 2831 2214; baseline 0.002 -27"><span class='ocrx_word' id='word_1_115' title='bbox 557 2138 701 2207; x_wconf 90' lang='lat' dir='ltr'><strong>»tet,</strong></span> <span class='ocrx_word' id='word_1_116' title='bbox 745 2132 1206 2212; x_wconf 86' lang='lat' dir='ltr'><strong>respondebat:</strong></span> <span class='ocrx_word' id='word_1_117' title='bbox 1250 2133 1466 2214; x_wconf 88' lang='lat' dir='ltr'><strong>Neque</strong></span> <span class='ocrx_word' id='word_1_118' title='bbox 1508 2132 1685 2195; x_wconf 86' lang='lat' dir='ltr'><strong>vivus</strong></span> <span class='ocrx_word' id='word_1_119' title='bbox 1731 2139 1843 2206; x_wconf 89' lang='lat' dir='ltr'><strong>est,</strong></span> <span class='ocrx_word' id='word_1_120' title='bbox 1887 2139 1953 2192; x_wconf 94' lang='lat' dir='ltr'><strong>ut</strong></span> <span class='ocrx_word' id='word_1_121' title='bbox 1983 2150 2159 2211; x_wconf 91' lang='lat' dir='ltr'><strong>spem</strong></span> <span class='ocrx_word' id='word_1_122' title='bbox 2194 2149 2528 2212; x_wconf 90' lang='lat' dir='ltr'><strong>possemus</strong></span> <span class='ocrx_word' id='word_1_123' title='bbox 2560 2128 2831 2211; x_wconf 82' lang='lat' dir='ltr'><strong>aliquam</strong></span> 
     </span>
     <span class='ocr_line' id='line_1_17' title="bbox 558 2241 2829 2327; baseline 0.003 -28"><span class='ocrx_word' id='word_1_124' title='bbox 558 2243 678 2304; x_wconf 87' lang='lat' dir='ltr'><strong>»de</strong></span> <span class='ocrx_word' id='word_1_125' title='bbox 720 2241 834 2305; x_wconf 90' lang='lat' dir='ltr'><strong>illo</strong></span> <span class='ocrx_word' id='word_1_126' title='bbox 883 2243 1085 2323; x_wconf 86' lang='lat' dir='ltr'><strong>alere;</strong></span> <span class='ocrx_word' id='word_1_127' title='bbox 1129 2265 1334 2327; x_wconf 87' lang='lat' dir='ltr'><strong>neque</strong></span> <span class='ocrx_word' id='word_1_128' title='bbox 1374 2254 1679 2323; x_wconf 80' lang='lat' dir='ltr'><strong>mortuuS,</strong></span> <span class='ocrx_word' id='word_1_129' title='bbox 1724 2253 1792 2308; x_wconf 90' lang='lat' dir='ltr'><strong>ut</strong></span> <span class='ocrx_word' id='word_1_130' title='bbox 1838 2265 1978 2308; x_wconf 90' lang='lat' dir='ltr'><strong>eum</strong></span> <span class='ocrx_word' id='word_1_131' title='bbox 2023 2264 2354 2325; x_wconf 91' lang='lat' dir='ltr'><strong>possemus</strong></span> <span class='ocrx_word' id='word_1_132' title='bbox 2396 2263 2660 2326; x_wconf 88' lang='lat' dir='ltr'><strong>prorsus</strong></span> <span class='ocrx_word' id='word_1_133' title='bbox 2709 2243 2829 2306; x_wconf 85' lang='lat' dir='ltr'><strong>oh-</strong></span> 
     </span>
     <span class='ocr_line' id='line_1_18' title="bbox 557 2353 2830 2442; baseline 0.003 -30"><span class='ocrx_word' id='word_1_134' title='bbox 557 2353 816 2416; x_wconf 85' lang='lat' dir='ltr'><strong>»livisci.</strong></span> <span class='ocrx_word' id='word_1_135' title='bbox 904 2357 1030 2419; x_wconf 87' lang='lat' dir='ltr'><strong>Sed</strong></span> <span class='ocrx_word' id='word_1_136' title='bbox 1067 2365 1395 2442; x_wconf 88' lang='lat' dir='ltr'><strong>utrumque</strong></span> <span class='ocrx_word' id='word_1_137' title='bbox 1427 2359 1628 2435; x_wconf 91' lang='lat' dir='ltr'><strong>simul,</strong></span> <span class='ocrx_word' id='word_1_138' title='bbox 1674 2366 1737 2421; x_wconf 92' lang='lat' dir='ltr'><strong>et</strong></span> <span class='ocrx_word' id='word_1_139' title='bbox 1777 2358 1952 2421; x_wconf 86' lang='lat' dir='ltr'><strong>vivus</strong></span> <span class='ocrx_word' id='word_1_140' title='bbox 2000 2365 2061 2420; x_wconf 92' lang='lat' dir='ltr'><strong>et</strong></span> <span class='ocrx_word' id='word_1_141' title='bbox 2103 2366 2386 2419; x_wconf 89' lang='lat' dir='ltr'><strong>mortuus</strong></span> <span class='ocrx_word' id='word_1_142' title='bbox 2431 2364 2550 2419; x_wconf 89' lang='lat' dir='ltr'><strong>est.</strong></span> <span class='ocrx_word' id='word_1_143' title='bbox 2637 2357 2830 2420; x_wconf 84' lang='lat' dir='ltr'><strong>Mater</strong></span> 
     </span>
     <span class='ocr_line' id='line_1_19' title="bbox 555 2468 2829 2556; baseline 0.004 -30"><span class='ocrx_word' id='word_1_144' title='bbox 555 2475 803 2529; x_wconf 84' lang='lat' dir='ltr'><strong>»autem</strong></span> <span class='ocrx_word' id='word_1_145' title='bbox 848 2470 981 2551; x_wconf 91' lang='lat' dir='ltr'><strong>ejus</strong></span> <span class='ocrx_word' id='word_1_146' title='bbox 1027 2468 1415 2555; x_wconf 86' lang='lat' dir='ltr'><strong>interrogata</strong></span> <span class='ocrx_word' id='word_1_147' title='bbox 1463 2474 1542 2535; x_wconf 90' lang='lat' dir='ltr'><strong>de</strong></span> <span class='ocrx_word' id='word_1_148' title='bbox 1588 2475 1721 2556; x_wconf 88' lang='lat' dir='ltr'><strong>ejus</strong></span> <span class='ocrx_word' id='word_1_149' title='bbox 1766 2479 1956 2548; x_wconf 86' lang='lat' dir='ltr'><strong>statu,</strong></span> <span class='ocrx_word' id='word_1_150' title='bbox 2000 2471 2254 2535; x_wconf 86' lang='lat' dir='ltr'><strong>solebat</strong></span> <span class='ocrx_word' id='word_1_151' title='bbox 2297 2472 2535 2550; x_wconf 86' lang='lat' dir='ltr'><strong>dicere,</strong></span> <span class='ocrx_word' id='word_1_152' title='bbox 2580 2490 2829 2555; x_wconf 86' lang='lat' dir='ltr'><strong>sperare</strong></span> 
     </span>
     <span class='ocr_line' id='line_1_20' title="bbox 556 2583 2830 2668; baseline 0.004 -27"><span class='ocrx_word' id='word_1_153' title='bbox 556 2583 937 2645; x_wconf 87' lang='lat' dir='ltr'><strong>»redituram</strong></span> <span class='ocrx_word' id='word_1_154' title='bbox 980 2585 1134 2668; x_wconf 88' lang='lat' dir='ltr'><strong>ipsi,</strong></span> <span class='ocrx_word' id='word_1_155' title='bbox 1195 2586 1316 2649; x_wconf 89' lang='lat' dir='ltr'><strong>nisi</strong></span> <span class='ocrx_word' id='word_1_156' title='bbox 1359 2589 1529 2649; x_wconf 87' lang='lat' dir='ltr'><strong>Deus</strong></span> <span class='ocrx_word' id='word_1_157' title='bbox 1574 2587 1761 2663; x_wconf 91' lang='lat' dir='ltr'><strong>nolit,</strong></span> <span class='ocrx_word' id='word_1_158' title='bbox 1823 2586 2173 2650; x_wconf 83' lang='lat' dir='ltr'><strong>sanitatem.</strong></span> <span class='ocrx_word' id='word_1_159' title='bbox 2266 2587 2366 2651; x_wconf 91' lang='lat' dir='ltr'><strong>Ad</strong></span> <span class='ocrx_word' id='word_1_160' title='bbox 2419 2587 2582 2652; x_wconf 86' lang='lat' dir='ltr'><strong>haec</strong></span> <span class='ocrx_word' id='word_1_161' title='bbox 2637 2606 2830 2651; x_wconf 87' lang='lat' dir='ltr'><strong>caue-</strong></span> 
     </span>
     <span class='ocr_line' id='line_1_21' title="bbox 555 2680 1303 2759; baseline 0.008 -6"><span class='ocrx_word' id='word_1_162' title='bbox 555 2695 702 2758; x_wconf 78' lang='lat' dir='ltr'><strong>»hat</strong></span> <span class='ocrx_word' id='word_1_163' title='bbox 744 2696 885 2759; x_wconf 78' lang='lat' dir='ltr'><strong>ine:</strong></span> <span class='ocrx_word' id='word_1_164' title='bbox 1287 2680 1303 2693; x_wconf 79' lang='grc'><em>“</em></span> 
     </span>
    </p>

    <p class='ocr_par' dir='ltr' id='par_1_4' title="bbox 803 2794 2829 3125">
     <span class='ocr_line' id='line_1_22' title="bbox 897 2794 2829 2900; baseline 0.003 -28"><span class='ocrx_word' id='word_1_165' title='bbox 897 2812 1175 2889; x_wconf 88' lang='lat' dir='ltr'><strong>»Video,</strong></span> <span class='ocrx_word' id='word_1_166' title='bbox 1235 2812 1408 2894; x_wconf 90' lang='lat' dir='ltr'><strong>quod</strong></span> <span class='ocrx_word' id='word_1_167' title='bbox 1469 2794 1732 2875; x_wconf 80' lang='lat' dir='ltr'><strong>matrem</strong></span> <span class='ocrx_word' id='word_1_168' title='bbox 1790 2813 2009 2876; x_wconf 86' lang='lat' dir='ltr'><strong>Sachri</strong></span> <span class='ocrx_word' id='word_1_169' title='bbox 2046 2814 2099 2900; x_wconf 82' lang='lat'><strong>1)</strong></span> <span class='ocrx_word' id='word_1_170' title='bbox 2154 2834 2284 2876; x_wconf 91' lang='lat' dir='ltr'><strong>non</strong></span> <span class='ocrx_word' id='word_1_171' title='bbox 2330 2815 2538 2899; x_wconf 88' lang='lat' dir='ltr'><strong>pigeat</strong></span> <span class='ocrx_word' id='word_1_172' title='bbox 2580 2835 2683 2879; x_wconf 89' lang='lat' dir='ltr'><strong>me</strong></span> <span class='ocrx_word' id='word_1_173' title='bbox 2723 2815 2829 2878; x_wconf 90' lang='lat' dir='ltr'><strong>in-</strong></span> 
     </span>
     <span class='ocr_line' id='line_1_23' title="bbox 803 2925 2828 3011; baseline 0.003 -24"><span class='ocrx_word' id='word_1_174' title='bbox 803 2926 1029 2987; x_wconf 87' lang='lat' dir='ltr'><strong>visere.</strong></span> <span class='ocrx_word' id='word_1_175' title='bbox 1117 2926 1243 2988; x_wconf 93' lang='lat' dir='ltr'><strong>Sed</strong></span> <span class='ocrx_word' id='word_1_176' title='bbox 1278 2925 1496 2988; x_wconf 86' lang='lat' dir='ltr'><strong>Salma</strong></span> <span class='ocrx_word' id='word_1_177' title='bbox 1540 2926 1751 2990; x_wconf 90' lang='lat' dir='ltr'><strong>taedio</strong></span> <span class='ocrx_word' id='word_1_178' title='bbox 1800 2928 2061 3009; x_wconf 89' lang='lat' dir='ltr'><strong>capitur,</strong></span> <span class='ocrx_word' id='word_1_179' title='bbox 2109 2936 2171 2992; x_wconf 89' lang='lat' dir='ltr'><strong>et</strong></span> <span class='ocrx_word' id='word_1_180' title='bbox 2216 2928 2387 3011; x_wconf 89' lang='lat' dir='ltr'><strong>quod</strong></span> <span class='ocrx_word' id='word_1_181' title='bbox 2435 2929 2644 2992; x_wconf 91' lang='lat' dir='ltr'><strong>adhuc</strong></span> <span class='ocrx_word' id='word_1_182' title='bbox 2689 2930 2828 2993; x_wconf 79' lang='lat' dir='ltr'><strong>exi-</strong></span> 
     </span>
     <span class='ocr_line' id='line_1_24' title="bbox 808 3041 1919 3125; baseline 0.003 -26"><span class='ocrx_word' id='word_1_183' title='bbox 808 3048 988 3115; x_wconf 89' lang='lat' dir='ltr'><strong>stam,</strong></span> <span class='ocrx_word' id='word_1_184' title='bbox 1034 3046 1096 3102; x_wconf 93' lang='lat' dir='ltr'><strong>et</strong></span> <span class='ocrx_word' id='word_1_185' title='bbox 1140 3041 1312 3120; x_wconf 92' lang='lat' dir='ltr'><strong>quod</strong></span> <span class='ocrx_word' id='word_1_186' title='bbox 1358 3059 1552 3125; x_wconf 88' lang='lat' dir='ltr'><strong>aeger</strong></span> <span class='ocrx_word' id='word_1_187' title='bbox 1595 3041 1919 3104; x_wconf 87' lang='lat' dir='ltr'><strong>decubem.</strong></span> 
     </span>
    </p>

    <p class='ocr_par' dir='ltr' id='par_1_5' title="bbox 809 3153 2828 3353">
     <span class='ocr_line' id='line_1_25' title="bbox 897 3153 2828 3236; baseline 0.003 -21"><span class='ocrx_word' id='word_1_188' title='bbox 897 3153 1233 3236; x_wconf 88' lang='lat' dir='ltr'><strong>»Quisquis</strong></span> <span class='ocrx_word' id='word_1_189' title='bbox 1291 3155 1571 3218; x_wconf 87' lang='lat' dir='ltr'><strong>virorum</strong></span> <span class='ocrx_word' id='word_1_190' title='bbox 1630 3154 1813 3217; x_wconf 89' lang='lat' dir='ltr'><strong>matri</strong></span> <span class='ocrx_word' id='word_1_191' title='bbox 1874 3164 2200 3236; x_wconf 88' lang='lat' dir='ltr'><strong>comparat</strong></span> <span class='ocrx_word' id='word_1_192' title='bbox 2243 3177 2538 3234; x_wconf 84' lang='lat' dir='ltr'><strong>uxorem,</strong></span> <span class='ocrx_word' id='word_1_193' title='bbox 2601 3157 2653 3221; x_wconf 89' lang='lat' dir='ltr'><strong>is</strong></span> <span class='ocrx_word' id='word_1_194' title='bbox 2696 3179 2828 3222; x_wconf 91' lang='lat' dir='ltr'><strong>non</strong></span> 
     </span>
     <span class='ocr_line' id='line_1_26' title="bbox 809 3264 2745 3353; baseline 0.004 -28"><span class='ocrx_word' id='word_1_195' title='bbox 809 3265 957 3329; x_wconf 91' lang='lat' dir='ltr'><strong>vivit</strong></span> <span class='ocrx_word' id='word_1_196' title='bbox 1004 3264 1133 3347; x_wconf 87' lang='lat' dir='ltr'><strong>(aut</strong></span> <span class='ocrx_word' id='word_1_197' title='bbox 1171 3268 1358 3353; x_wconf 83' lang='lat' dir='ltr'><strong>vivat)</strong></span> <span class='ocrx_word' id='word_1_198' title='bbox 1405 3268 1525 3332; x_wconf 90' lang='lat' dir='ltr'><strong>nisi</strong></span> <span class='ocrx_word' id='word_1_199' title='bbox 1569 3269 1632 3329; x_wconf 92' lang='lat' dir='ltr'><strong>in</strong></span> <span class='ocrx_word' id='word_1_200' title='bbox 1680 3270 1922 3348; x_wconf 87' lang='lat' dir='ltr'><strong>taedi0,</strong></span> <span class='ocrx_word' id='word_1_201' title='bbox 1968 3271 2209 3333; x_wconf 89' lang='lat' dir='ltr'><strong>damnis</strong></span> <span class='ocrx_word' id='word_1_202' title='bbox 2255 3278 2317 3332; x_wconf 89' lang='lat' dir='ltr'><strong>et</strong></span> <span class='ocrx_word' id='word_1_203' title='bbox 2362 3280 2745 3353; x_wconf 89' lang='lat' dir='ltr'><strong>contemptu.</strong></span> 
     </span>
    </p>

    <p class='ocr_par' dir='ltr' id='par_1_6' title="bbox 804 3380 2831 3580">
     <span class='ocr_line' id='line_1_27' title="bbox 896 3380 2831 3470; baseline 0.006 -34"><span class='ocrx_word' id='word_1_204' title='bbox 896 3380 1263 3462; x_wconf 85' lang='lat' dir='ltr'><strong>»Nunquam</strong></span> <span class='ocrx_word' id='word_1_205' title='bbox 1327 3384 1560 3445; x_wconf 85' lang='lat' dir='ltr'><strong>veritus</strong></span> <span class='ocrx_word' id='word_1_206' title='bbox 1627 3381 1753 3460; x_wconf 87' lang='lat' dir='ltr'><strong>fui,</strong></span> <span class='ocrx_word' id='word_1_207' title='bbox 1818 3403 1898 3446; x_wconf 91' lang='lat' dir='ltr'><strong>ne</strong></span> <span class='ocrx_word' id='word_1_208' title='bbox 1956 3384 2069 3463; x_wconf 85' lang='lat' dir='ltr'><strong>tibi</strong></span> <span class='ocrx_word' id='word_1_209' title='bbox 2128 3383 2347 3447; x_wconf 90' lang='lat' dir='ltr'><strong>fierem</strong></span> <span class='ocrx_word' id='word_1_210' title='bbox 2413 3385 2718 3448; x_wconf 90' lang='lat' dir='ltr'><strong>molestus</strong></span> <span class='ocrx_word' id='word_1_211' title='bbox 2754 3387 2831 3470; x_wconf 72' lang='lat' dir='ltr'><strong>y).</strong></span> 
     </span>
     <span class='ocr_line' id='line_1_28' title="bbox 804 3472 2826 3580; baseline 0.003 -26"><span class='ocrx_word' id='word_1_212' title='bbox 804 3494 883 3554; x_wconf 83' lang='lat' dir='ltr'><strong>At</strong></span> <span class='ocrx_word' id='word_1_213' title='bbox 930 3494 1068 3574; x_wconf 91' lang='lat' dir='ltr'><strong>quis</strong></span> <span class='ocrx_word' id='word_1_214' title='bbox 1113 3515 1307 3575; x_wconf 92' lang='lat' dir='ltr'><strong>porro</strong></span> <span class='ocrx_word' id='word_1_215' title='bbox 1353 3497 1627 3577; x_wconf 90' lang='lat' dir='ltr'><strong>patiatur</strong></span> <span class='ocrx_word' id='word_1_216' title='bbox 1671 3515 1709 3559; x_wconf 87' lang='lat' dir='ltr'><strong>a</strong></span> <span class='ocrx_word' id='word_1_217' title='bbox 1750 3497 2014 3561; x_wconf 86' lang='lat' dir='ltr'><strong>fautrice</strong></span> <span class='ocrx_word' id='word_1_218' title='bbox 2057 3499 2311 3562; x_wconf 86' lang='lat' dir='ltr'><strong>fortuna</strong></span> <span class='ocrx_word' id='word_1_219' title='bbox 2363 3472 2484 3560; x_wconf 81' lang='lat' dir='ltr'><strong>sibi</strong></span> <span class='ocrx_word' id='word_1_220' title='bbox 2539 3499 2826 3580; x_wconf 76' lang='lat' dir='ltr'><strong>imponi?</strong></span> 
     </span>
    </p>

    <p class='ocr_par' dir='ltr' id='par_1_7' title="bbox 801 3609 2828 3921">
     <span class='ocr_line' id='line_1_29' title="bbox 898 3609 2828 3695; baseline 0.004 -28"><span class='ocrx_word' id='word_1_221' title='bbox 898 3610 1053 3670; x_wconf 85' lang='lat' dir='ltr'><strong>»Per</strong></span> <span class='ocrx_word' id='word_1_222' title='bbox 1094 3609 1283 3673; x_wconf 84' lang='lat' dir='ltr'><strong>vitam</strong></span> <span class='ocrx_word' id='word_1_223' title='bbox 1329 3611 1570 3672; x_wconf 80' lang='lat' dir='ltr'><strong>meam!</strong></span> <span class='ocrx_word' id='word_1_224' title='bbox 1618 3610 1973 3695; x_wconf 87' lang='lat' dir='ltr'><strong>exemplum</strong></span> <span class='ocrx_word' id='word_1_225' title='bbox 2016 3633 2224 3675; x_wconf 88' lang='lat' dir='ltr'><strong>meum</strong></span> <span class='ocrx_word' id='word_1_226' title='bbox 2258 3613 2463 3694; x_wconf 89' lang='lat' dir='ltr'><strong>possit</strong></span> <span class='ocrx_word' id='word_1_227' title='bbox 2498 3614 2828 3677; x_wconf 90' lang='lat' dir='ltr'><strong>dormien—</strong></span> 
     </span>
     <span class='ocr_line' id='line_1_30' title="bbox 805 3722 2827 3812; baseline 0.005 -29"><span class='ocrx_word' id='word_1_228' title='bbox 805 3722 969 3784; x_wconf 85' lang='lat' dir='ltr'><strong>tibus</strong></span> <span class='ocrx_word' id='word_1_229' title='bbox 1015 3743 1308 3786; x_wconf 89' lang='lat' dir='ltr'><strong>somnum</strong></span> <span class='ocrx_word' id='word_1_230' title='bbox 1354 3732 1651 3785; x_wconf 83' lang='lat' dir='ltr'><strong>excutere</strong></span> <span class='ocrx_word' id='word_1_231' title='bbox 1690 3734 1769 3803; x_wconf 88' lang='lat' dir='ltr'><strong>et,</strong></span> <span class='ocrx_word' id='word_1_232' title='bbox 1813 3726 2010 3789; x_wconf 90' lang='lat' dir='ltr'><strong>modo</strong></span> <span class='ocrx_word' id='word_1_233' title='bbox 2056 3727 2194 3809; x_wconf 91' lang='lat' dir='ltr'><strong>quis</strong></span> <span class='ocrx_word' id='word_1_234' title='bbox 2238 3729 2493 3792; x_wconf 89' lang='lat' dir='ltr'><strong>auribus</strong></span> <span class='ocrx_word' id='word_1_235' title='bbox 2540 3729 2827 3812; x_wconf 81' lang='lat' dir='ltr'><strong>gaudeat,</strong></span> 
     </span>
     <span class='ocr_line' id='line_1_31' title="bbox 801 3834 1937 3921; baseline 0.005 -25"><span class='ocrx_word' id='word_1_236' title='bbox 801 3834 1161 3899; x_wconf 87' lang='lat' dir='ltr'><strong>salubribus</strong></span> <span class='ocrx_word' id='word_1_237' title='bbox 1207 3837 1521 3900; x_wconf 90' lang='lat' dir='ltr'><strong>iustruere</strong></span> <span class='ocrx_word' id='word_1_238' title='bbox 1565 3840 1937 3921; x_wconf 78' lang='lat' dir='ltr'><strong>praeceptiS.</strong></span> 
     </span>
    </p>
   </div>
   <div class='ocr_carea' id='block_1_3' title="bbox 547 4018 2828 4516">
    <p class='ocr_par' dir='ltr' id='par_1_8' title="bbox 653 4018 2823 4095">
     <span class='ocr_line' id='line_1_32' title="bbox 653 4018 2823 4095; baseline 0.003 -19"><span class='ocrx_word' id='word_1_239' title='bbox 653 4022 705 4092; x_wconf 80' lang='lat' dir='ltr'><strong>v)</strong></span> <span class='ocrx_word' id='word_1_240' title='bbox 747 4022 1110 4077; x_wconf 88' lang='lat' dir='ltr'><strong>Dschoscham</strong></span> <span class='ocrx_word' id='word_1_241' title='bbox 1143 4024 1372 4095; x_wconf 77' lang='lat' dir='ltr'><strong>pertinet</strong></span> <span class='ocrx_word' id='word_1_242' title='bbox 1401 4024 1467 4077; x_wconf 85' lang='lat' dir='ltr'><strong>ad</strong></span> <span class='ocrx_word' id='word_1_243' title='bbox 1498 4023 1707 4086; x_wconf 65' lang='lat' dir='ltr'><strong>&#39;shakffi</strong></span> <span class='ocrx_word' id='word_1_244' title='bbox 1746 4031 1797 4076; x_wconf 89' lang='lat' dir='ltr'><strong>et</strong></span> <span class='ocrx_word' id='word_1_245' title='bbox 1825 4022 1912 4076; x_wconf 87' lang='lat' dir='ltr'><strong>hic</strong></span> <span class='ocrx_word' id='word_1_246' title='bbox 1941 4023 2004 4077; x_wconf 89' lang='lat' dir='ltr'><strong>ad</strong></span> <span class='ocrx_word' id='word_1_247' title='bbox 2035 4018 2307 4091; x_wconf 84' lang='lat' dir='ltr'><strong>Hawazin,</strong></span> <span class='ocrx_word' id='word_1_248' title='bbox 2340 4025 2558 4081; x_wconf 82' lang='lat' dir='ltr'><strong>fratrem</strong></span> <span class='ocrx_word' id='word_1_249' title='bbox 2582 4025 2823 4082; x_wconf 86' lang='lat' dir='ltr'><strong>Solaimi.</strong></span> 
     </span>
    </p>

    <p class='ocr_par' dir='ltr' id='par_1_9' title="bbox 547 4121 2825 4291">
     <span class='ocr_line' id='line_1_33' title="bbox 637 4121 2825 4195; baseline 0.004 -21"><span class='ocrx_word' id='word_1_250' title='bbox 637 4122 705 4191; x_wconf 88' lang='lat' dir='ltr'><strong>w)</strong></span> <span class='ocrx_word' id='word_1_251' title='bbox 744 4122 980 4177; x_wconf 88' lang='lat' dir='ltr'><strong>Dubium</strong></span> <span class='ocrx_word' id='word_1_252' title='bbox 1019 4122 1337 4189; x_wconf 79' lang='lat' dir='ltr'><strong>Solemitae,</strong></span> <span class='ocrx_word' id='word_1_253' title='bbox 1390 4140 1521 4194; x_wconf 84' lang='lat' dir='ltr'><strong>gens</strong></span> <span class='ocrx_word' id='word_1_254' title='bbox 1570 4121 1789 4188; x_wconf 82' lang='lat' dir='ltr'><strong>Sachri,</strong></span> <span class='ocrx_word' id='word_1_255' title='bbox 1838 4142 1905 4177; x_wconf 82' lang='lat' dir='ltr'><strong>an</strong></span> <span class='ocrx_word' id='word_1_256' title='bbox 1956 4122 2207 4179; x_wconf 84' lang='lat' dir='ltr'><strong>Asaditae</strong></span> <span class='ocrx_word' id='word_1_257' title='bbox 2256 4125 2631 4195; x_wconf 86' lang='lat' dir='ltr'><strong>intelligantur.</strong></span> <span class='ocrx_word' id='word_1_258' title='bbox 2715 4127 2825 4184; x_wconf 89' lang='lat' dir='ltr'><strong>Sed</strong></span> 
     </span>
     <span class='ocr_line' id='line_1_34' title="bbox 547 4220 1095 4291; baseline 0.007 -19"><span class='ocrx_word' id='word_1_259' title='bbox 547 4220 695 4289; x_wconf 84' lang='lat' dir='ltr'><strong>prius</strong></span> <span class='ocrx_word' id='word_1_260' title='bbox 735 4231 861 4291; x_wconf 89' lang='lat' dir='ltr'><strong>puto</strong></span> <span class='ocrx_word' id='word_1_261' title='bbox 888 4220 1095 4276; x_wconf 71' lang='lat' dir='ltr'><strong>⁴verius.</strong></span> 
     </span>
    </p>

    <p class='ocr_par' dir='ltr' id='par_1_10' title="bbox 649 4320 1138 4392">
     <span class='ocr_line' id='line_1_35' title="bbox 649 4320 1138 4392; baseline 0.002 -19"><span class='ocrx_word' id='word_1_262' title='bbox 649 4320 700 4392; x_wconf 83' lang='lat' dir='ltr'><strong>x)</strong></span> <span class='ocrx_word' id='word_1_263' title='bbox 739 4320 795 4374; x_wconf 90' lang='lat' dir='ltr'><strong>id</strong></span> <span class='ocrx_word' id='word_1_264' title='bbox 833 4329 914 4374; x_wconf 87' lang='lat' dir='ltr'><strong>est</strong></span> <span class='ocrx_word' id='word_1_265' title='bbox 950 4339 1138 4375; x_wconf 88' lang='lat' dir='ltr'><strong>meam.</strong></span> 
     </span>
    </p>

    <p class='ocr_par' dir='ltr' id='par_1_11' title="bbox 650 4414 2828 4516">
     <span class='ocr_line' id='line_1_36' title="bbox 650 4414 2828 4516; baseline 0.002 -34"><span class='ocrx_word' id='word_1_266' title='bbox 650 4427 706 4498; x_wconf 83' lang='lat' dir='ltr'><strong>y)</strong></span> <span class='ocrx_word' id='word_1_267' title='bbox 745 4425 839 4482; x_wconf 88' lang='lat' dir='ltr'><strong>Sic</strong></span> <span class='ocrx_word' id='word_1_268' title='bbox 876 4428 1051 4498; x_wconf 86' lang='lat' dir='ltr'><strong>poscit</strong></span> <span class='ocrx_word' id='word_1_269' title='bbox 1087 4445 1290 4483; x_wconf 88' lang='lat' dir='ltr'><strong>sensus.</strong></span> <span class='ocrx_word' id='word_1_270' title='bbox 1364 4425 1553 4482; x_wconf 87' lang='lat' dir='ltr'><strong>Exstat</strong></span> <span class='ocrx_word' id='word_1_271' title='bbox 1590 4427 1803 4501; x_wconf 89' lang='lat' dir='ltr'><strong>quidem</strong></span> <span class='ocrx_word' id='word_1_272' title='bbox 1840 4428 1897 4484; x_wconf 86' lang='lat' dir='ltr'><strong>in</strong></span> <span class='ocrx_word' id='word_1_273' title='bbox 1935 4437 2076 4485; x_wconf 87' lang='lat' dir='ltr'><strong>textu</strong></span> <span class='ocrx_word' id='word_1_274' title='bbox 2115 4449 2216 4486; x_wconf 83' lang='lat' dir='ltr'><strong>vox</strong></span> <span class='ocrx_word' id='word_1_275' title='bbox 2256 4414 2466 4516; x_wconf 55' lang='grc' dir='ltr'><strong>8)·[ὶῷΙ</strong></span> <span class='ocrx_word' id='word_1_276' title='bbox 2506 4447 2645 4502; x_wconf 81' lang='lat' dir='ltr'><strong>quae</strong></span> <span class='ocrx_word' id='word_1_277' title='bbox 2682 4440 2828 4487; x_wconf 77' lang='lat' dir='ltr'><strong>notat</strong></span> 
     </span>
    </p>
   </div>
   <div class='ocr_carea' id='block_1_4' title="bbox 542 4516 1537 4605">
    <p class='ocr_par' dir='ltr' id='par_1_12' title="bbox 542 4516 1537 4605">
     <span class='ocr_line' id='line_1_37' title="bbox 542 4516 1537 4605; baseline 0.008 -25"><span class='ocrx_word' id='word_1_278' title='bbox 542 4516 928 4605; x_wconf 56' lang='lat' dir='ltr'><strong>sandapilam.</strong></span> <span class='ocrx_word' id='word_1_279' title='bbox 1004 4532 1114 4590; x_wconf 87' lang='lat' dir='ltr'><strong>Sed</strong></span> <span class='ocrx_word' id='word_1_280' title='bbox 1149 4552 1256 4589; x_wconf 88' lang='lat' dir='ltr'><strong>uon</strong></span> <span class='ocrx_word' id='word_1_281' title='bbox 1295 4533 1537 4605; x_wconf 84' lang='lat' dir='ltr'><strong>quadrat.</strong></span> 
     </span>
    </p>
   </div>
  </div>
 </body>
</html>
