2981 5125
1046 359 1599 430 r--3—

181 547 345 608 nihil
403 548 637 623 sciunt,
705 547 855 609 nihil
915 549 1166 628 tradunt
1221 549 1562 632 scriptores
1620 551 1939 628 Arabici„
1994 554 2162 615 Haec
2222 557 2464 636 epocha

178 661 453 742 primum
501 662 677 744 quasi
738 671 1034 744 punctum
1091 671 1219 739 est,
1281 684 1315 726 e
1361 683 1486 744 quo
1532 665 1805 726 Arabum
1856 665 2056 727 omnis
2101 687 2294 749 porro
2345 670 2465 730 de—

162 778 376 875 ·ducta
424 784 519 839 est
560 775 847 839 historia.
938 752 1208 859 Operae·
1232 778 1322 840 ita
1367 778 1636 857 pretium
1682 778 1867 840 fuerit
1912 797 2051 840 eam
2099 780 2306 864 ligere.

359 895 516 954 Tam
574 891 878 955 socordes
935 900 1077 953 sunt
1120 891 1378 953 Arabici
1433 893 1777 984 scriptores
1838 899 1899 956 et
1957 901 2084 978 tam
2131 889 2464 979 οἷμέθοδοι

172 1007 248 1068 in
294 1004 974 1079 tradendis·veteribus
1020 1005 1294 1067 Arabum
1343 1006 1564 1083 rebus,
1626 1005 1898 1091 (appello
1964 1017 2171 1071 autem
2219 1018 2462 1073 veteres

175 1141 326 1198 eaS,
385 1139 548 1203 quae
590 1119 1050 1197 Muhammedis
1097 1127 1364 1181 aetatem
1411 1120 1845 1219 antecedunt,)
1907 1127 1971 1182 ut
2027 1123 2282 1203 qnando
2347 1142 2465 1185 ca—

175 1255 290 1297 sus
337 1234 566 1316 aliquis
612 1233 1071 1310 memorabilis,
1118 1241 1185 1296 ut
1228 1234 1462 1297 bellum
1511 1243 1625 1297 etc.
1673 1235 2032 1317 contigerit,
2100 1255 2227 1316 quo
2273 1255 2464 1299 aerae

173 1348 397 1410 mundi
465 1367 666 1424 anno,
733 1355 839 1410 aut
899 1367 1024 1429 quo
1086 1348 1202 1410 sub
1266 1367 1417 1431 rege
1475 1330 1842 1424 Persarum,
1910 1356 2016 1411 aut
2080 1349 2463 1431 imperatore

128 1510 135 1517 .
172 1450 917 1544 Constantinopolitano,
954 1469 1059 1524 aut
1103 1469 1257 1543 quot
1303 1464 1566 1544 quisque
1612 1484 1724 1525 rex
1767 1464 1831 1524 in
1875 1463 2142 1543 imperio
2191 1466 2465 1544 exegerit
2544 1465 2553 1473 '

173 1595 384 1638 annos
430 1584 492 1639 et
534 1595 815 1654 menseS,
861 1594 989 1637 non
1036 1576 1404 1658 exprimant.
1496 1576 1683 1651 Quod
1730 1585 1995 1658 quantas
2040 1576 2249 1657 pariat
2292 1577 2463 1640 diffi-

162 1690 464 1767 'cultateS‚
512 1691 822 1765 tenebraS,
869 1708 1064 1772 vagos
1110 1698 1169 1752 et
1205 1673 1524 1755 obscuros
1575 1701 1934 1774 conceptuS,
1982 1693 2245 1772 quisque
2278 1692 2462 1754 facile

168 1803 489 1887 intelligit.
532 1785 537 1790 ’
578 1805 682 1868 Sic
738 1825 993 1886 quoque
1049 1813 1157 1868 aut
1215 1825 1342 1868 non
1389 1807 1713 1888 assignant
1760 1808 1974 1868 a'eram
2020 1806 2168 1869 huic
2211 1827 2463 1868 memo-

166 1919 364 1980 rabili
425 1920 631 2005 casui,
700 1919 804 2001 qui
852 1936 1139 2001 magnam
1184 1919 1458 2013 Arabiae
1506 1926 1746 2001 partem
1794 1919 2170 1996 devastavit,
2241 1929 2348 1982 aut
2398 1921 2461 1982 in

63 2028 69 2035 ’
166 2051 247 2094 ea
296 2031 556 2112 figenda
602 2032 975 2112 discrepant.
1044 2029 1192 2092 .11m
1229 2029 1493 2092 Doraid
1527 2030 1839 2092 sexcentis
1888 2036 2067 2093 annis
2111 2033 2461 2095 Islamismo
2530 2094 2537 2103 ,

163 2144 329 2206 facit
361 2143 798 2225 antiquiorem,
841 2144 1080 2204 Hamza
1106 2143 1550 2224 Ispahanensis
1584 2126 1654 2227 ⁸)'
1682 2162 1818 2205 eam
1866 2144 2354 2228 quadringentis,
2402 2157 2464 2210 et

164 2258 344 2319 idem
391 2265 600 2319 tamen
644 2255 773 2317 alio
829 2255 893 2316 in
951 2256 1097 2318 loco
1155 2256 1344 2318 refert
1406 2265 1582 2339 gesta
1641 2265 1789 2338 post
1843 2257 2010 2319 hanc
2054 2276 2266 2319 aeram
2312 2267 2461 2320 tan-

167 2390 367 2453 quam
397 2369 691 2432 trecentis
717 2372 895 2433 annis
924 2370 1282 2432 Alexandro
1313 2372 1395 2433 M.
1426 2372 1786 2454 antiquiora
1803 2369 1877 2455 b).
1965 2371 2190 2433 Plenus
2228 2379 2324 2434 est
2360 2373 2461 2435 hic

165 2468 401 2549 auctor
443 2484 906 2568 antilogiarum,
953 2492 1014 2547 et
1058 2492 1191 2547 tota
1234 2484 1395 2548 haec
1432 2478 1700 2548 historia
1736 2485 2156 2548 obscuritatis.
2245 2487 2462 2568 Neque

165 2576 347 2664 facili
394 2600 544 2662 mihi
591 2601 867 2664 constitit
925 2585 1159 2682 operae
1214 2601 1400 2684 hujus
1459 2603 1671 2682 puncti
1729 2600 2028 2680 temporis
2076 2619 2223 2663 vera
2269 2602 2461 2662 inda—

166 2717 368 2801 gatio.
454 2716 675 2778 Dicam
719 2715 1041 2798 quomodo
1087 2714 1150 2775 in
1196 2733 1272 2776 ea
1314 2714 1750 2797 investiganda
1795 2715 2235 2796 processerim.

347 2830 635 2894 Sciebam
694 2829 901 2892 statim
961 2837 1108 2910 post
1151 2847 1363 2919 aeram
1409 2836 1632 2910 ruptae
1679 2837 2067 2891 catarractae
2113 2829 2459 2894 institutum

171 2947 239 3006 in
285 2944 605 3006 Chaldaea
650 2962 909 3026 regnum
950 2940 1436 3003 Lachmidarum
1474 2947 1546 3001 et
1587 2940 1650 3001 in
1699 2940 1881 3023 Syria
1926 2951 2182 3024 regnum
2217 2941 2459 3004 Salthi-

171 3058 400 3119 darum
437 3056 658 3167 (ἐμω),
701 3053 1020 3117 habebam
1062 3053 1319 3114 illorum
1365 3073 1547 3137 reges
1591 3053 1903 3116 indivulsa
1948 3054 2136 3128 serie,
2178 3032 2458 3117 sciebam

174 3190 397 3233 eorum
444 3190 682 3247 annos;
754 3170 877 3232 hos
937 3167 1398 3249 componebam
1454 3167 1825 3250 incipiendo
1865 3186 1903 3229 a
1948 3165 2075 3230 fine
2120 3166 2182 3260 et
2226 3187 2456 3231 ascen-

175 3283 388 3346 dendo
429 3284 510 3346 ad
545 3285 830 3367 primum.
919 3282 1020 3348 Sic
1066 3282 1344 3345 intellexi
1392 3300 1530 3377 eam
1577 3300 1789 3344 aeram
1834 3283 2114 3346 incidere
2159 3294 2455 3366 praeter-

174 3406 441 3482 propter
498 3400 561 3461 in
623 3400 762 3481 ipsa
819 3417 1006 3462 aerae
1069 3396 1447 3460 christianae
1504 3396 1697 3459 initia.
1800 3397 1871 3459 In
1915 3395 2013 3460 his
2063 3398 2311 3491 triginta
2354 3400 2454 3459 vel

172 3512 592 3596 quadraginta
650 3532 851 3575 annos
915 3513 1212 3591 aberrare
1262 3511 1358 3571 nil
1405 3510 1628 3581 refert.
1719 3502 1961 3574 Patebit'
2004 3532 2081 3574 ex
2125 3512 2454 3594 sequenti—

171 3627 312 3689 bus.
411 3625 711 3689 Nimiru'm
756 3624 1010 3733 lllalik,
1054 3623 1256 3710 filius
1299 3623 1547 3688 Faltmz·
1591 3625 1739 3728 (gra),
1798 3626 2034 3707 primus
2079 3644 2190 3714 rex
2237 3624 2452 3686 Lach-
2513 3625 2521 3633 ’
2560 3725 2569 3734 .
2635 3681 2648 3694 .

279 3931 328 4002 a)
364 3928 604 3984 Historia
621 3928 852 3999 imperii
890 3935 1076 3982 vetust.
1113 3926 1589 3991 Jokthanidarum,
1638 3946 1754 3998 pag.
1780 3927 1868 3980 25.
1908 3926 1990 3978 ed
2005 3907 2343 3977 ‘Senatum
2387 3956 2452 3964 --

169 4030 412 4085 Hamzae
450 4028 694 4100 Ispahan.
732 4024 925 4079 A.nual
962 4026 1046 4079 ed.
1089 4025 1417 4080 Gotnvaldt.
1457 4047 1508 4099 p.
1546 4029 1664 4082 126.

241 4130 299 4200 b)
331 4127 455 4182 lmo
495 4126 762 4197 expressis
798 4097 978 4180 verbis
1017 4126 1089 4179 ait
1116 4125 1267 4185 ,libro
1306 4126 1426 4181 Vll.
1466 4137 1743 4198 rupturam
1795 4135 2096 4179 cataractae.
2137 4124 2304 4177 fuisse
2345 4124 2450 4178 400

171 4231 325 4284 annis
366 4202 484 4282 ante
520 4225 884 4280 Alexandrum
920 4223 997 4279 M.
1035 4223 1108 4296 (p.
1135 4223 1212 4279 M.
1239 4224 1348 4297 88.)
1384 4256 1452 4266 —
1507 4223 1569 4278 ln
1608 4226 1703 4280 der
1737 4216 1991 4312 Ausgabe
2026 4221 2132 4278 von'
2167 4219 2454 4276 Gottwaldt

173 4350 226 4401 p.
257 4331 360 4383 116
401 4328 536 4383 steht
582 4326 727 4380 nicht
761 4323 1094 4389 Alexander,
1150 4324 1384 4378 sondern
1422 4287 1517 4378 mit
1557 4324 1653 4377 der
1690 4324 1909 4395 vorigen
1944 4309 2109 4379 Stelle
2147 4321 2450 4392 gleichlau-

171 4429 326 4494 tend,
359 4430 467 4482 400
504 4426 666 4481 Jahre
703 4444 801 4480 vor
837 4425 959 4478 dem
997 4422 1184 4489 lslam;
1235 4423 1504 4478 vielleicht
1539 4422 1628 4477 hat
1665 4424 1752 4478 die
1786 4423 2068 4496 Leydener
2106 4418 2452 4474 Handschrist

180 4532 267 4583 die
303 4530 558 4584 Variante
583 4526 895 4626 ),,>,Λ,ίΛ..ᾊδς
936 4535 1053 4580 statt
1089 4525 1353 4625 ΓἊΛΝᾉΒ

1617 4716 1624 4723 .
1733 4634 1824 4716 1*'
1935 4640 1947 4653 ’
2296 4660 2302 4665 ·
