2981 5125
146 527 436 600 ·»mense
479 516 627 591 post
669 486 918 593 elapsos
965 511 1045 574 de
1088 512 1559 602 Anuschirwani
1602 533 1798 596 regno
1842 532 2041 579 annos
2087 517 2190 593 34,
2236 524 2345 580 aut
2388 524 2455 590 ut

184 620 329 682 »alii
376 621 611 700 volunt,
655 632 805 705 post
844 625 1136 707 impletos
1178 626 1243 687 iu
1286 647 1484 708 regno
1531 628 1812 711 ejusdem
1846 629 2078 693 Persici
2123 631 2286 714 regis
2332 649 2455 692 an-

182 755 340 805 »nos
400 739 504 798 41.
607 737 703 799 Ab
765 757 844 800 eo
911 746 1228 820 tempore,
1298 739 1364 800 id
1428 749 1527 804 est
1590 742 1911 805 nativitate
1978 743 2455 820 MuhammediS,

179 850 714 934 »regnavit'Amr
754 851 922 914 filius
967 851 1135 913 Hind
1181 855 1218 915 7
1266 871 1468 915 annos
1515 862 1577 916 et
1619 856 1661 917 6
1705 875 2007 919 menses.«
2423 841 2431 852 ’

349 964 551 1046 Supra
593 964 896 1043 vidimuS‚
939 967 1242 1028 Hamzam
1283 966 1553 1045 referre,
1583 970 1768 1050 -quod
1812 970 1999 1053 hujus
2044 968 2233 1030 ’Amri
2274 975 2456 1051 pater

171 1077 576 1141 el-Moudzir
618 1081 852 1156 tertius,
897 1099 1065 1142 anno
1110 1074 1293 1163 regni*
1330 1081 1810 1144 Anuschirwani
1855 1083 1937 1146 26
1981 1082 2258 1146 desierit.
2340 1081 2455 1144 Ille

169 1213 357 1268 casus
406 1194 595 1256 debet
637 1194 975 1256 secundum
1022 1195 1454 1276 chronologos
1500 1203 1754 1258 nostros
1797 1198 1862 1258 in
1906 1198 1975 1260 A.
2006 1198 2148 1261 Chr.
2177 1198 2305 1260 558
2345 1196 2455 1258 in·-

167 1308 402 1370 cidere.
491 1307 679 1382 Quod
724 1306 795 1370 si‘
823 1310 1097 1372 secedim
1141 1328 1342 1372 anuos
1388 1309 1744 1391 regnaverit
1787 1308 1988 1387 'Amr,
2036 1310 2452 1373 continuave-

168 1420 248 1481 rit
292 1441 497 1502 usque
542 1421 623 1483 ad
668 1441 897 1484 annum
945 1425 1091 1485 574.
1184 1422 1373 1505 Atqui
1410 1429 1563 1484 tunc
1608 1443 1734 1485 non
1777 1424 2010 1506 poterit
2049 1422 2455 1486 Muhammed

169 1554 343 1597 anno
401 1539 533 1620 ejus
593 1545 821 1600 octavo
880 1544 1062 1599 uatus
1123 1556 1296 1612 esse,
1354 1544 1423 1600 ut
1465 1513 1590 1619 'qui
1633 1541 1920 1602 statuitur
1964 1558 2133 1601 auno
2181 1540 2308 1601 570
2354 1537 2454 1600 vel

165 1649 297 1712 572
344 1658 560 1726 natus;
624 1651 736 1713 sed
785 1650 902 1712 erit
944 1668 1111 1712 anno
1159 1650 1294 1733 ejus
1346 1653 1425 1714 12
1468 1662 1668 1716 natus.
1757 1654 1946 1729 Quod
1990 1653 2153 1715 bene
2200 1652 2451 1733 quidem

166 1764 460 1845 congruit
501 1782 719 1827 eorum
768 1763 1031 1840 calculo,
1077 1764 1181 1846 qui
1226 1766 1728 1829 Muhammedem
1773 1786 1940 1831 anno
1979 1766 2454 1829 Anuschirwaui

163 1877 428 1939 41—42
472 1878 784 1939 affirmant
824 1878 886 1938 in
927 1877 1136 1946 lucem
1172 1879 1521 1958 prodiisse3
1567 1882 2077 1963 quandoquidem
2112 1880 2454 1967 secundum

163 1998 430 2051 nostros
492 1988 919 2072 chronologos
979 1992 1430 2052 Anuschirwan
1486 1994 1570 2055 48
1629 1995 1910 2074 regnavit
1970 2003 2032 2056 et
2086 2014 2252 2059 anno
2314 1993 2455 2054 Chr.

159 2106 297 2166 580
345 2102 548 2165 desiit.
636 2101 825 2177 Quod
870 2103 924 2164 si
966 2123 1120 2171 ,vero
1170 2105 1413 2166 dicatur
1454 2107 1857 2170 Muhammed
1903 2127 2070 2170 anno
2105 2107 2455 2169 Anuschir—

160 2215 334 2278 wani
396 2216 478 2277 34
540 2222 759 2288 natuS,
826 2215 1062 2278 incidet
1119 2217 1180 2278 in
1236 2219 1307 2279 A.
1365 2220 1429 2281 C.
1473 2221 1600 2284 566
1661 2229 1722 2283 et
1779 2223 1843 2284 in
1902 2229 2191 2285 octavum
2245 2220 2455 2284 'Amri-

161 2333 402 2393 Verum
451 2349 623 2391 mors
671 2330 807 2412 ejus
853 2331 1087 2392 incidet
1132 2331 1592 2414 eo·supposito
1640 2335 1701 2396 in
1748 2354 1978 2399 annum
2023 2338 2180 2413 627,
2244 2335 2454 2421 (quum

1227 2423 1234 2431 ι

165 2442 368 2505 annos
416 2443 498 2505 63
544 2442 798 2506 lunares
844 2443 950 2506 ille
996 2444 1258 2530 vixerit).
1342 2447 1532 2529 Atqui
1591 2457 1839 2511 constat
1897 2472 2039 2542 eum
2098 2471 2265 2514 anno
2312 2452 2453 2514 Chr.
2573 2444 2582 2451 ’

104 2615 112 2622 .
165 2559 295 2622 632
357 2557 613 2665 ohiisse.
712 2557 985 2658 Videant
1043 2558 1123 2621 de
1184 2560 1284 2638 his
1348 2559 1474 2623 alii.
1574 2562 1772 2625 Nobis
1840 2567 2063 2629 sufficit
2130 2565 2455 2647 grossiore

165 2673 364 2735 modo
409 2681 698 2753 tempora
743 2674 996 2756 regibus
1032 2672 1134 2735 his
1168 2675 1511 2758 assignare.
1543 2713 1623 2723 —
1668 2680 1804 2740 Jsam
1840 2680 1922 2741 ad
1949 2680 2228 2741 Hamzae
2262 2678 2454 2741 verba
2496 2665 2506 2676 ⁹

167 2786 562 2863 notabimuS,
610 2804 773 2867 quae
821 2808 981 2869 opus
1030 2795 1141 2849 est.

345 2930 401 3013 l)
448 2929 649 3004 Quem
698 2931 848 2992 citat
892 2930 1322 3009 el-Aclatlaal,
1370 2940 1463 2993 est
1506 2937 1694 3013 potita
1742 2932 1936 2993 seculi
1975 2939 2122 3013 post
2152 2932 2452 2996 Muham-

169 3044 413 3106 medem
459 3045 674 3126 primi,
737 3044 1121 3107 Christianus
1168 3025 1510 3125 religione,
1573 3045 1737 3106 tribu
1783 3045 2141 3129 Taglebita,
2203 3046 2451 3127 quicum

167 3159 361 3221 multa
405 3160 657 3221 fuerunt
702 3161 954 3241 negotia
998 3142 1375 3236 Dscheiiro,
1443 3159 1548 3220 alii
1595 3165 1826 3241 poetae
1872 3159 2273 3235 Tamimitae,
2340 3161 2450 3241 qui

169 3271 294 3334 duo
340 3292 411 3333 se
455 3274 681 3361 mutuis
724 3273 1176 3336 lacessiverunt
1220 3271 1529 3350 convitiis,
1573 3259 1815 3355 suaque
1853 3272 2250 3354 tribuumque
2292 3293 2451 3336 sua-

167 3407 301 3449 rum
347 3387 512 3448 hene
573 3397 758 3469 atque
806 3396 1058 3450 strenue
1106 3397 1284 3471 gesta
1327 3388 1390 3448 in
1436 3388 1635 3451 vicem
1684 3388 2176 3470 exprobrarunt3
2243 3409 2450 3470 quor—

169 3518 304 3561 sum
364 3499 534 3561 hunc
593 3509 747 3582 puto
805 3522 1061 3583 quoque
1114 3502 1430 3583 pertinere
1473 3502 1884 3580 versiculum,
1944 3503 2048 3584 qui
2093 3504 2453 3584 frequenter

167 3614 477 3676 Arabibus
524 3615 942 3697 grammaticis
988 3615 1230 3676 citatur.
1930 3599 1934 3603 ,

339 3759 397 3841 2)
446 3761 648 3839 Supra
698 3760 832 3842 jam
890 3755 968 3817 de
1023 3776 1285 3818 numero
1348 3756 1588 3824 dierum
1644 3756 1917 3818 Owarah
1976 3752 2447 3837 disputavimuS‚

144 3871 330 3934 -unde
367 3871 672 3955 judicium
727 3871 807 3933 de
848 3870 976 3934 hoc
1019 3871 1165 3933 loco
1212 3869 1347 3932 fieri
1391 3877 1620 3952 potest.

335 4012 396 4098 3)
443 4014 786 4092 Darimitae
831 4021 974 4076 sunt
1020 4014 1226 4078 minor
1267 4012 1510 4075 familia
1555 4011 1751 4074 tribus
1796 4009 2052 4071 Tarnim.

335 4158 399 4244 4)
443 4155 624 4218 Hunc
668 4174 797 4218 non
840 4154 1153 4243 As'adum,
1211 4156 1327 4218 sed
1373 4152 1647 4223 Sa’dum‚
1694 4151 1866 4233 quod
1910 4150 2139 4222 rectius
2186 4151 2448 4228 videtur,

174 4268 449 4352 appellat
504 4267 1106 4333 el-Maidanensis
1161 4256 1222 4353 p.
1278 4290 1358 4331 m.
1400 4270 1563 4346 354,
1630 4286 1893 4339 numero
1955 4286 2132 4350 prov.
2193 4260 2451 4349 2424i)·

176 4416 351 4427 ἡμὴ-

684 4420 730 4427 -ae

293 4519 329 4590 i)
368 4518 531 4576 Arab.
570 4519 729 4577 Prov.
766 4520 850 4576 ed.
887 4520 1154 4593 Freytaq.
1196 4520 1241 4576 T
1245 4539 1351 4575 om.
1382 4516 1423 4575 Ι.
1462 4537 1580 4591 pag.
1610 4520 1660 4575 5.
