2981 5125
1034 376 1136 387 -
1236 297 1708 408 111.-'

180 518 329 581 300.
414 520 551 582 Hae
598 520 966 584 traditiones
1014 521 1093 583 ab
1138 520 1457 585 historicis
1504 526 1742 583 tantum
1789 537 1866 582 ex
1907 518 2106 580 lubitu
2144 518 2454 583 confictae

179 641 356 710 sunt,
424 643 488 698 et
531 645 597 698 ut
641 635 979 698 convenire
1022 656 1139 698 suo
1188 634 1433 699 calculo
1480 634 1840 697 censebant.
1936 636 2201 718 Tantum
2246 636 2454 697 Ham-

178 763 313 807 zam
360 766 611 828 sequar.
696 748 907 810 Sabae
959 750 1170 831 itaque
1230 758 1294 811 et
1345 748 1688 825 Homairo,
1751 746 1857 829 qui
1914 748 2103 810 ambo
2166 748 2454 812 dicuntur

175 860 526 922 admodum
565 879 750 923 senes
797 860 1162 939 decessisse,
1208 861 1478 924 tribuam
1513 881 1714 923 annos
1753 868 2017 924 centum.
2104 864 2301 925 Porro
2343 864 2451 924 di-

174 971 255 1033 cit
299 973 621 1051 Hamzah,
683 973 1049 1036 Homairum
1101 974 1267 1037 inter
1310 984 1374 1038 et
1417 974 1885 1038 er-Ra’ischum
1932 974 2286 1055 quindecim
2331 998 2451 1060 ge—

171 1085 537 1150 nerationes
582 1093 708 1166 aut,
753 1094 823 1151 ut
862 1088 969 1151 ille
1014 1089 1117 1165 ait,
1161 1097 1375 1171 patres
1418 1087 1833 1150 intercedere.
1916 1088 1994 1148 Hi
2029 1088 2297 1169 spatium
2331 1110 2450 1154 oc-

171 1198 413 1282 cupare*
450 1200 655 1264 minus
700 1202 827 1265 460
872 1203 1051 1266 annis
1097 1210 1429 1285 nequeunt.
1526 1202 1928 1264 Caeterorum
1980 1222 2195 1284 regum
2252 1226 2451 1288 usque

169 1313 251 1375 ad
285 1315 424 1376 Dzu
457 1315 909 1379 Hobschanum
949 1316 1075 1402 (qui
1110 1318 1335 1381 dicitur
1368 1316 1485 1378 sub
1520 1315 1714 1377 Dario
1753 1313 2164 1379 Codomauno
2198 1318 2448 1402 vixisse)

168 1425 319 1489 anni
380 1429 725 1511 computati
783 1430 1122 1495 conficiunt
1178 1430 1448 1513 spatium
1512 1447 1820 1490 annorum
1878 1431 2026 1493 904.
2129 1432 2263 1493 Hos
2315 1433 2448 1514 jam

165 1539 338 1603 adde
397 1543 829 1626 superioribus
890 1546 1037 1609 560.
1131 1544 1413 1607 Habebis
1470 1562 1675 1605 annos
1737 1544 1933 1618 1464,
2008 1543 2211 1605 altero
2270 1552 2447 1608 tanto

161 1655 399 1735 plureS,
446 1677 633 1739 quam
680 1658 997 1724 debebant
1041 1679 1201 1734 esse,
1246 1658 1300 1720 si
1345 1658 1513 1721 Saba
1557 1658 1676 1719 sub
1723 1656 2124 1720 Caikobadzo
2174 1659 2449 1734 vixisset,

164 1775 228 1830 et
273 1768 636 1834 Caikobadz
692 1781 934 1855 septem
999 1781 1061 1836 et
1117 1773 1281 1836 ultra
1336 1770 1567 1834 seculis
1621 1770 1937 1851 antiquior
1984 1770 2179 1833 Dario
2227 1772 2444 1834 Codo-

159 1898 398 1944 manno
446 1883 681 1947 fuisset.
767 1887 908 1949 Alia
967 1907 1222 1967 quoque
1273 1886 1526 1947 ratione
1580 1893 1796 1966 posset
1838 1883 2025 1966 hujus
2071 1887 2293 1947 asserti
2338 1888 2447 1949 su-

159 1992 356 2055 tilitas
417 2014 497 2055 ex
554 2004 764 2058 aetate
819 1999 1142 2075 Belkisae,
1215 2017 1379 2079 quae
1431 1999 1649 2080 regina
1721 1997 2007 2070 Sabaea,
2083 1997 2446 2061 Salomonis

153 2106 538 2169 admiratrix
584 2118 645 2171 et
689 2130 850 2172 uxor
890 2109 1175 2198 fingitur,
1233 2110 1676 2172 demonstrari.
1766 2110 1889 2172 Sed
1938 2109 2037 2172 cui
2078 2109 2253 2172 bono
2300 2131 2445 2175 ma-

156 2219 461 2283 nifestum
508 2222 903 2286 mendacium
950 2244 1225 2305 operose
1269 2226 1582 2306 arguere?

334 2336 533 2419 Pergo
582 2337 664 2398 ad
708 2338 852 2400 alia.
941 2336 1107 2413 Quia
1161 2345 1371 2399 tamen
1424 2337 1490 2398 in
1545 2356 1840 2400 sermone
1893 2357 2105 2401 sumus
2151 2341 2441 2423 occupati

158 2448 237 2511 de
285 2457 500 2513 vetere
541 2452 873 2515 Persarum
916 2470 1147 2533 regno,
1192 2468 1310 2531 age
1354 2451 1583 2512 seriem
1626 2469 1845 2533 regum
1890 2473 2113 2515 eorum
2158 2455 2442 2539 Caijani-

158 2583 381 2626 corum
437 2564 746 2627 dictorum
805 2584 887 2626 ex
941 2565 1220 2626 Hamzae
1274 2562 1722 2647 Ispahanensis
1777 2566 1981 2648 primo
2033 2566 2199 2629 libro
2250 2570 2439 2630 exhi-

157 2677 439 2757 beamuS,
484 2681 746 2760 gratiam
791 2699 870 2742 eo
909 2680 1080 2742 facto
1119 2678 1288 2760 apud
1320 2679 1623 2756 eruditoS‚
1669 2687 1738 2742 ut
1769 2680 2164 2754 arbitramur,
2207 2681 2439 2745 inituri.

734 2865 1017 2940 Tabula
1060 2869 1348 2966 Regum
1386 2867 1854 2939 Persicorum

649 3019 686 3059 e
734 2994 1005 3060 Graecis
1052 2993 1484 3083 scriptoribus
1531 3002 1596 3057 et
1636 2990 1930 3071 Petavio.

200 3133 253 3195 1.
300 3132 499 3218 Cyrus
1085 3129 1370 3219 regnavit
1413 3152 1617 3196 annos
1707 3133 1745 3193 7

197 3245 255 3308 2.
301 3245 645 3330 Cambyses
1707 3248 1744 3309 7

194 3362 252 3425 3.
296 3361 609 3438 smerdis,
654 3362 754 3425 vel
797 3363 965 3446 Magi
1143 3432 1146 3435 ,
1697 3361 1741 3423 0
1829 3363 1867 3423 7
1917 3378 2159 3422 menses

194 3478 252 3539 4.
294 3476 524 3540 Darius
566 3476 902 3561 Hystaspis
1013 3452 1019 3458 ι
1655 3471 1739 3536 36

194 3592 254 3653 5.
294 3592 549 3655 Xerxes
683 3567 693 3579 ⁸
1662 3588 1747 3651 20

194 3705 252 3768 6.
292 3708 676 3769 Artaxerxes
721 3703 1147 3786 Longimanus
1661 3702 1746 3764 40

196 3819 252 3880 7.
292 3819 522 3882 Darius
568 3816 784 3880 Ochus
829 3816 930 3878 vel
975 3816 1215 3878 Nothus
1666 3815 1744 3878 19

193 3931 251 3994 8.
293 3935 679 3996 Artaxerxes
719 3930 1016 3992 Mnemon
1657 3927 1741 3989 40

191 4043 249 4106 9.
294 4044 509 4106 Ochus
553 4042 656 4104 vel
699 4046 1075 4106 Artaxerxes
1656 4039 1741 4103 26

159 4159 250 4220 10.
291 4161 482 4220 Arses
1697 4155 1738 4214 5

162 4272 252 4335 11.
294 4272 521 4335 Darius
568 4270 1011 4333 Codomaunus
1698 4265 1739 4328 6

293 4385 652 4449 Alexander
695 4386 977 4467 Magnus,
