2981 5125
1031 357 1351 430 *21
1484 404 1573 414 ..-

156 545 291 606 lixa
337 554 496 606 sunt.
587 545 716 606 Nisi
762 544 928 605 Deus
974 544 1163 619 nolit,
1219 545 1328 607 illa
1374 548 1524 609 olim
1572 550 2040 630 comparebunt.
2130 553 2436 611 Tantum-

156 658 359 720 modo
415 659 516 719 hic
564 665 716 720 noto
766 677 843 720 ex
889 677 1004 734 eo,
1081 660 1256 740 quod
1318 669 1778 724 commentator
1837 683 1974 723 eum
2039 664 2301 724 affirmet
2359 664 2438 724 ab

158 771 571 847 Ardeschiro‚
617 771 749 833 filio
784 773 1037 851 Babeki,
1083 775 1480 837 constitutum
1513 776 1822 837 Arabibus
1861 796 2067 858 regem
2104 795 2178 835 ex
2211 786 2440 837 aucto-

158 888 352 948 ritate
393 895 455 947 et
501 886 753 948 nomine
799 906 1015 969 regum
1058 889 1449 951 Persicorum
1499 906 1842 970 regnasse.
1916 891 2189 952 Deberet
2231 890 2440 971 itaque

159 1002 297 1062 hoc
345 1000 683 1082 contigisse
729 1008 875 1081 post
921 1019 1149 1063 annum
1197 1021 1233 1063 a
1278 1003 1527 1065 Christo
1588 1013 1735 1066 nato
1794 1005 1947 1080 226,
2011 1005 2121 1066 sed
2170 1023 2346 1066 error
2390 1006 2441 1064 is
2523 980 2533 993 ⁵

158 1110 282 1175 est‘
308 1113 530 1195 procul
567 1115 781 1176 dubio.
871 1116 1042 1177 ldem
1078 1128 1306 1192 narrat,
1352 1137 1490 1178 eum
1520 1118 2039 1179 Dschodzaimam
2074 1136 2212 1179 cum
2248 1116 2442 1203 ljadi-

159 1229 247 1289 tis
298 1227 465 1288 bella
509 1220 780 1310 gessisse
807 1213 879 1313 l),
937 1230 1128 1311 idque
1170 1250 1418 1310 semper
1460 1231 1644 1292 felice
1691 1251 1828 1293 cum
1875 1250 2202 1304 successu,
2250 1232 2333 1292 ita
2378 1239 2442 1291 ut

158 1364 284 1405 eos
333 1343 466 1405 fere
525 1343 763 1404 deleret
812 1341 1262 1405 internecione.
1364 1344 1642 1405 Tandem
1690 1345 1916 1407 fecisse
1964 1366 2102 1408 cum
2148 1345 2273 1406 illis
2318 1364 2442 1424 pa-

156 1479 310 1519 cem
337 1477 412 1519 ea
445 1459 828 1530 conditione,
874 1463 938 1518 ut
962 1456 1225 1539 ljaditae
1254 1457 1594 1519 redderent
1623 1459 1826 1538 primo
1856 1459 2325 1522 ed-Dharibain
2354 1457 2442 1540 ιη),

156 1572 472 1644 secundo,
518 1590 701 1652 quem
749 1569 849 1630 isti
897 1583 1192 1652 ceperant
1232 1572 1292 1632 in
1337 1570 1531 1646 bello,
1577 1571 1814 1633 ’Adium
1861 1568 2055 1635 filium
2101 1572 2300 1644 Nasri,
2359 1572 2443 1631 il-

154 1687 297 1745 lum
335 1685 556 1764 ipsum,
604 1684 707 1764 qui
740 1686 992 1746 Amrum
1024 1684 1396 1766 procreavit,
1442 1691 1680 1766 patrem
1717 1707 1933 1769 regum
1967 1687 2444 1748 Lacbmitarum.

154 1797 324 1858 Ideo
384 1804 587 1858 autem
649 1799 974 1879 repetebat
1027 1800 1533 1863 Dscbodzaimah
1585 1800 1752 1862 hunc
1796 1799 2059 1877 'Adium,
2130 1799 2313 1881 quia,
2384 1806 2447 1857 ut

153 1918 349 1991 patet
391 1931 426 1970 e
474 1917 691 1971 nostra
736 1912 1025 1990 superius
1073 1911 1219 1972 data
1265 1913 1476 1975 tabula
1525 1914 1968 1996 genealogica,
2005 1916 2255 1997 junctus
2302 1912 2449 1972 licet

157 2023 534 2108 πόρρωθεν
580 2024 698 2102 ipsi
745 2022 1048 2103 sanguine
1094 2033 1243 2084 erat.
1348 2025 1513 2098 Quid
1559 2046 1752 2106 porro
1799 2026 2030 2087 factum
2075 2026 2155 2085 sit
2199 2025 2278 2082 de
2325 2025 2489 2082 hoc'

155 2136 345 2211 udi,
415 2144 475 2197 et
520 2135 843 2215 quomodo
889 2135 1055 2197 filius
1104 2138 1237 2219 ejus
1283 2136 1451 2197 ’Amr
1497 2137 1683 2198 fuerit
1724 2138 1924 2200 factus
1971 2137 2296 2198 el-Hirae
2338 2154 2448 2194 rex

158 2258 234 2312 et
272 2248 783 2310 Dschodzaimae
827 2270 1186 2325 successor,
1234 2260 1296 2314 et
1339 2271 1460 2333 quo
1509 2253 1663 2314 tristi
1712 2252 1844 2315 fato
1891 2250 2145 2333 perierit
2191 2249 2447 2310 Dscho—

157 2363 452 2437 dzaima,
498 2362 703 2423 verbis
749 2363 1100 2425 Abulfedae
1147 2363 1355 2445 placet
1399 2385 1722 2446 exponere
1759 2365 1831 2450 n).
2320 2436 2323 2439 Α

352 2479 616 2538 »Potens
679 2476 989 2538 evadebat
1048 2477 1587 2554 Dschodzaimab,
1656 2483 1746 2541 sic
1804 2479 1892 2540 ait
1943 2477 2251 2540 Abulfeda
2305 2484 2450 2556 post

170 2591 346 2654 »alia
407 2591 718 2672 quaedam
781 2594 1146 2673 praemissa.
1255 2592 1548 2656 Habebat
1611 2595 1663 2655 is
1726 2614 2010 2656 sororem
2068 2589 2356 2653 Rakasch
2394 2589 2445 2670 ο)

169 2704 622 2787 »appellatam
708 2707 797 2767 Ea
843 2706 1211 2787 capiebatur
1253 2725 1471 2770 amore
1513 2710 1776 2792 alicujus
1822 2707 2082 2792 ljaditae
2118 2706 2203 2787 Ρ),
2264 2722 2448 2783 quem

170 2818 343 2882 »sibi
387 2820 710 2899 proprium
759 2826 820 2880 et
861 2819 1241 2899 peculiarem
1278 2838 1317 2880 a
1350 2842 1622 2902 corpore
1659 2842 1775 2883 suo
1816 2823 2160 2883 ministrnm
2196 2837 2448 2878 assum—

172 2939 393 2994 »serat
432 2932 976 3008 Dscbodzaimah,
1019 2933 1254 2995 dictum
1299 2933 1467 3008 ’Adi‚
1513 2932 1710 2994 filium
1755 2935 1968 3006 Nasri,
2016 2933 2125 2993 fitii
2171 2929 2449 2992 Rabt‘ah.

167 3112 736 3126 ffl———ffl-——w-

305 3238 342 3307 Ι)
378 3255 508 3306 gens
545 3254 607 3289 ea
644 3244 725 3289 cst
759 3234 841 3287 vel
882 3234 1050 3287 tribus
1089 3231 1363 3285 lsmaelica
1402 3232 1634 3305 quidem,
1672 3232 1764 3285 sed
1803 3249 1939 3304 quae
1977 3231 2105 3284 abiit
2140 3230 2205 3283 ad
2244 3228 2450 3281 Arabes

170 3337 442 3407 genuinos
481 3345 533 3389 et
568 3337 706 3388 inter
742 3350 835 3387 eos
871 3332 1098 3386 obscura
1137 3334 1301 3385 evasit
1337 3340 1389 3384 et
1424 3328 1641 3400 α’φανής.

267 3434 343 3505 m)
380 3453 476 3488 seu
515 3435 621 3486 duo
659 3432 830 3495 idola,
882 3448 1018 3502 quae
1054 3429 1478 3484 Dschodzaimah
1518 3448 1731 3501 semper
1769 3431 1830 3510 ‚in
1874 3428 2074 3481 bellum
2114 3445 2294 3481 secum
2339 3427 2451 3478 du·-

176 3536 369 3598 cebat,
419 3535 484 3587 ab
535 3535 602 3586 iis
653 3531 954 3602 auspicatos
1002 3547 1273 3584 armorum
1325 3546 1605 3582 successus
1654 3538 1837 3599 petens
1875 3537 1926 3582 et
1962 3537 2301 3597 exspectanS,
2358 3524 2448 3577 sed

178 3652 324 3708 quae
373 3633 592 3704 ljaditae
643 3632 799 3696 dolo,
852 3629 1113 3685 inebriato
1164 3647 1349 3683 eorum
1401 3628 1669 3681 idolorum
1713 3626 1972 3698 νεωκόρῳ,
2028 3627 2186 3679 furati
2227 3626 2449 3677 fuerant.

177 3733 344 3789 Cons.
383 3733 558 3787 Judic.
597 3731 658 3785 C.
688 3728 862 3784 XVII.

291 3833 346 3903 n)
384 3831 607 3885 Exstant
642 3830 774 3886 baec
809 3830 1022 3883 arabice
1065 3831 1117 3881 in
1154 3828 1492 3879 Selmltensii
1530 3843 1763 3878 monum.
1805 3805 1993 3878 vetust.
2026 3823 2271 3876 Arabiae.
2321 3822 2450 3891 Lug.
2543 3816 2549 3822 ’

178 3932 299 3987 Bat.
344 3932 496 3985 1740.
533 3926 913 4001 p.34--38.E.
937 3945 1003 3966 -ι
1043 3926 1295 3980 Abulfed.
1331 3927 1448 3980 hist.
1481 3926 1774 3980 anteislam.
1812 3924 1894 3978 ed.
1917 3921 2212 3972 Fleisclter.
2259 3941 2309 3991 p.
2336 3923 2449 3975 120.

180 4034 250 4084 de
286 4034 466 4100 Saey‚·
490 4022 736 4101 excerpta
774 4045 839 4081 ex
874 4023 1157 4089 Abulieda,
1200 4026 1252 4078 in
1293 4018 1516 4098 Poqo'ck,
1554 4023 1711 4094 Spec.
1748 4023 1867 4075 hist.
1911 4017 2071 4073 Arab.
2112 4020 2194 4074 cd.
2238 4022 2450 4074 11Vhtte.

222 4153 250 4184 a
291 4174 302 4183 .
346 4133 465 4185 507.

180 4152 215 4203 p
253 4151 350 4299 go)
387 4230 583 4280 Reiske
621 4225 853 4279 schreibt
886 4221 1169 4286 -Rakkasch
1204 4225 1320 4292 (acu
1345 4222 1658 4311 fictricem),
1695 4219 1830 4273 nach
1862 4220 1982 4274 dem
2007 4217 2201 4272 Canius
2231 4218 2296 4272 ist
2326 4217 2454 4271 aber

183 4328 439 4383 Rakascb
475 4328 563 4383 ein
602 4322 1046 4385 Fumea-Nauio,
1085 4324 1185 4378 wic
1222 4320 1477 4384 Katbam‚
1519 4319 1779 4373 wesshalb
1820 4318 1956 4374 auch
1996 4318 2081 4371 die
2117 4314 2456 4384 Aussprachc

184 4427 442 4491 Rikasch‚
482 4424 682 4507 welche
720 4423 982 4491 de2Sacy,
1023 4423 1300 4474 Fleischer
1338 4420 1446 4484 und
1477 4420 1722 4492 Freytaq
1755 4420 1944 4484 baben,
1981 4417 2124 4472 nicht
2153 4414 2341 4481 ricbtig
2373 4413 2452 4466 ist.

302 4527 361 4598 p)
404 4544 512 4579 non
553 4524 653 4577 suit
693 4521 904 4592 nediu,
946 4521 1035 4574 sed
1077 4530 1272 4575 tantum
1317 4520 1381 4575 ab
1424 4519 1621 4588 {jaditis
1661 4520 1801 4573 bello
1834 4528 2033 4589 captus,
