2981 5125
973 352 1521 427 *155*

136 542 380 624 »palum
424 540 676 603 tentorii
722 540 1113 622 suspendere
1151 540 1226 626 b).
1330 543 1647 606 Volebam
1695 552 1836 607 eum
1884 547 2135 627 quidem
2184 550 2402 610 Tami—

133 657 355 718 »mitae
415 675 627 718 secum
687 655 750 716 in
812 655 933 717 hac
988 655 1248 737 Saporis
1294 656 1636 721 'invasione
1687 660 1999 743 fugientes
2055 671 2402 742 asportare.

131 770 291 833 »Sed
341 769 590 832 vetabat
631 770 797 845 Amr,
844 789 961 832 suo
1007 789 1079 831 se
1122 768 1185 829 in
1230 769 1379 833 loco
1427 771 1704 834 sinerent
1749 792 2022 851 manere,
2067 773 2204 836 fieri
2236 774 2400 837 enim

131 904 387 967 »posse,
457 894 522 948 ut
563 883 733 958 Deus
791 901 861 945 se
920 889 1219 970 tanquam
1277 886 1694 949 instrumento
1747 908 1892 950 usus
1939 890 2185 972 tyranni
2231 888 2400 951 illius

129 999 448 1062 »ferociae
491 1001 668 1080 ipsos
714 996 956 1079 eripiat.
1042 997 1145 1059 Sic
1199 1016 1349 1079 ergo
1398 998 1771 1062 Tamimitae
1827 1000 2019 1062 misso
2078 1001 2191 1063 illo
2249 1020 2403 1063 suae

128 1113 351 1176 »saluti
409 1113 558 1196 fuga
612 1109 1049 1173 consulebant.
1153 1110 1509 1173 Adveniens
1567 1111 1779 1194 itaque
1829 1112 2086 1194 Saporis
2142 1116 2404 1195 ,equita-

127 1237 262 1291 »tus
303 1227 540 1289 invenit
584 1229 836 1288 Amrum
885 1245 963 1287 ex
1008 1226 1239 1287 arbore
1284 1212 1766 1307 dependentem,
1817 1247 2001 1308 quem
2046 1228 2298 1309 capiunt
2342 1236 2403 1290 et

124 1342 390 1423 »Sapori
440 1343 681 1403 sistunt.
769 1338 890 1413 Qui
939 1347 1004 1401 ut
1046 1337 1205 1400 vidit
1251 1338 1778 1422 admirabundus,
1840 1342 1978 1421 quis
2024 1344 2137 1416 sit,
2195 1342 2401 1403 inter-

125 1462 363 1536 »rogat.
449 1454 904 1539 Respondebat
945 1471 1171 1529 senex,
1231 1453 1382 1513 Amr
1422 1449 1592 1515 filius
1640 1453 1906 1515 Tamimi
1952 1474 2112 1516 esse.
2198 1455 2399 1516 Porro

127 1566 472 1629 »addebatt
528 1565 814 1648 Fugiunt,
861 1587 899 1629 o
933 1570 1073 1643 rex,
1119 1572 1283 1628 metu
1337 1564 1458 1641 tui;
1506 1585 1806 1647 quorsum
1855 1586 2004 1651 ergo
2053 1575 2197 1629 tuos
2232 1568 2403 1656 vsub-

122 1681 327 1743 »ditos
376 1689 439 1744 et
482 1700 733 1763 gregem
783 1688 950 1743 tuum
1000 1676 1287 1743 occidis?
1334 1715 1413 1725 —-
1480 1681 1745 1760 Propter
1789 1681 2082 1757 nefanda,
2128 1679 2401 1754 dicebat,

122 1794 466 1869 »facinora,
512 1793 737 1874 quibus
783 1794 1165 1855 territorium
1209 1813 1415 1856 meum
1464 1813 1772 1875 meosque
1819 1795 2106 1858 subditos
2153 1796 2401 1857 afflixe-

120 1914 323 1969 »runt.
369 1944 448 1953 -—
523 1908 658 1968 Non
703 1925 899 1989 nego,
947 1906 1163 1989 ajebat
1202 1910 1383 1979 Amr,
1431 1907 1606 1988 quod
1652 1908 1949 1983 fecerint3
2008 1916 2074 1970 at
2117 1908 2404 1971 fecerunt

118 2030 220 2084 »te
271 2019 549 2081 nondum
595 2020 944 2101 imperante
991 2027 1053 2081 et
1088 2039 1188 2081 res
1224 2039 1446 2082 eorum
1482 2020 1975 2082 administrante.
2061 2022 2401 2103 Postquam

120 2152 318 2195 »vero
375 2151 579 2194 anuos
636 2132 984 2213 pubertatis
1047 2131 1337 2214 attigisti,
1402 2133 1839 2196 abstinuerunt
1892 2141 2058 2196 metu
2107 2143 2166 2196 et
2209 2153 2401 2196 reve-

121 2246 367 2309 »rentia
415 2246 521 2309 tui.
565 2281 650 2293 —
722 2245 944 2326 Atqui,
1004 2245 1413 2308 continuabat
1462 2245 1774 2327 Sapores,
1837 2246 2026 2309 deleo
2076 2267 2189 2309 eos
2232 2248 2399 2322 ideo,

125 2359 337 2442 »quod
396 2360 460 2420 in
518 2357 794 2422 scientiis
854 2359 1085 2421 nostris
1144 2356 1435 2434 invenio,
1506 2357 1649 2420 fore
1710 2366 1778 2420 ut
1831 2361 2071 2423 Arabes
2119 2370 2423 2423 nostram

126 2471 517 2557 »dynastiam
578 2472 902 2536 destruant
940 2472 1009 2557 c).
1054 2508 1137 2519 -—
1212 2473 1482 2547 Verum,
1547 2472 1760 2555 ajebat
1801 2474 1983 2549 Amr,
2042 2495 2157 2555 per
2217 2476 2398 2537 deum

125 2587 597 2664 »immortalem,
644 2588 838 2671 magis
878 2589 989 2651 tibi
1022 2594 1400 2671 congrueret
1429 2578 1740 2650 Arabibus
1773 2586 2168 2665 benefacere,
2213 2607 2399 2669 quam

123 2700 365 2775 »male,
427 2709 492 2763 ut
548 2701 789 2764 scilicet
847 2702 1010 2764 bene
1066 2702 1341 2766 vicissim
1397 2702 1509 2764 tibi
1554 2702 1835 2764 facerent
1879 2703 2164 2764 veniente
2207 2703 2401 2766 fatale

123 2815 277 2876 »illo
325 2814 736 2877 revolutionis
783 2816 1208 2900 dynastiarum
1246 2824 1553 2896 tempore.
1579 2853 1664 2864 --
1707 2816 1940 2878 Verum
1970 2817 2084 2891 ais,
2127 2836 2402 2898 respon-

124 2929 355 2995 »debat
400 2928 707 3005 Cosroes3
772 2938 835 2992 et
892 2929 1168 3012 gladium
1229 2927 1532 2990 nudatum
1590 2928 1901 2988 removeri
1960 2946 1997 2990 a
2056 2928 2401 2990 Tamimitis

123 3043 486 3124 »condique
528 3043 755 3125 vagina
794 3043 1113 3127 jubebat-
1167 3043 1261 3106 Ab
1307 3041 1422 3103 illo
1466 3042 1618 3103 inde
1663 3049 1950 3122 tempore
1992 3042 2202 3104 vivere
2248 3062 2396 3124 per-

122 3164 356 3244 »gebat
396 3161 546 3221 Amr
590 3158 799 3219 adhuc
846 3156 1168 3239 octoginta
1212 3175 1471 3218 annos«
1578 3157 1895 3218 Hactenus
1943 3155 2400 3218 el-Dschauzi.

294 3274 389 3335 Ad
435 3272 743 3335 Mazinum
789 3270 985 3332 filium
1033 3270 1279 3349 Maliki,
1323 3269 1439 3332 filii
1485 3271 1683 3344 Amri,
1730 3277 1792 3334 et
1837 3269 2088 3350 quidem
2131 3269 2279 3332 inde
2319 3271 2402 3332 ad

116 3389 297 3448 Banu
344 3385 639 3469 Cabijah,
701 3393 997 3466 posteros
1043 3364 1354 3461 Horkuss
1393 3385 1663 3466 pertinet
1706 3383 2032 3467 Kothrijus
2077 3382 2243 3445 filius
2296 3383 2400 3445 el-

117 3499 501 3574 Fodschaat,
545 3498 799 3561 rebellis
848 3497 1525 3562 el-Haddschadscho
1575 3504 1637 3559 et
1680 3496 2032 3580 Omajjadis
2081 3496 2401 3558 formida-

116 3615 285 3676 bilis.
386 3614 482 3677 Ad
528 3612 865 3689 Osaidum,
934 3622 997 3676 et
1039 3612 1293 3694 quidem
1340 3613 1419 3675 ad
1470 3615 1640 3674 Banu
1680 3609 1895 3686 Cahil,
1961 3610 2231 3690 pertinet
2274 3613 2398 3670 Aus

116 3727 290 3790 filius
335 3726 724 3803 Hadscbari,
785 3727 1039 3789 celeber
1079 3731 1273 3808 poeta
1317 3726 1535 3808 paullo
1580 3724 2022 3788 Muhammede
2067 3722 2399 3802 antiquior.

116 3842 213 3903 Ad
259 3843 437 3902 Banu
485 3839 781 3904 Schoraif
821 3847 1065 3916 autem,
1123 3840 1427 3902 familiam
1481 3840 1562 3901 ab
1625 3838 1852 3900 eodem
1901 3836 2140 3897 Osaido
2200 3835 2398 3896 deve-

117 3956 418 4028 nientem,
464 3953 733 4035 pertinet
772 3954 1031 4016 Actbam
1076 3954 1242 4017 filius
1291 3952 1510 4036 Saifiji‚
1554 3953 1647 4014 vir
1694 3969 1729 4012 a
1775 3949 2083 4032 sapientia
2131 3948 2399 4026 celeber,

120 4069 226 4150 qui
292 4085 459 4129 anno
519 4068 977 4130 Muhammedis
1040 4071 1121 4132 43
1192 4068 1381 4142 obiit3
1448 4066 1596 4128 item
1654 4064 1793 4126 Abu
1855 4062 2058 4125 Halah
2119 4062 2400 4124 ZorArah

118 4234 298 4242 ο--Ὕ
333 4234 360 4239 ⁴-
405 4236 428 4237 j
446 4234 462 4238 -γ
485 4234 691 4241 ,οἼΫ-μς

227 4332 289 4403 b)
325 4349 391 4384 ne
428 4331 577 4401 gradi
614 4333 875 4402 impotens
914 4332 1181 4385 laberetur
1220 4332 1387 4394 forte,
1437 4340 1528 4384 aut
1562 4329 1710 4382 humi
1748 4337 1959 4397 reptans
1997 4328 2266 4398 acciperet
2303 4327 2397 4380 in-

112 4433 319 4502 juriam
361 4441 415 4487 et
450 4450 659 4484 noxam.

229 4533 283 4605 c)
322 4529 445 4586 Hoc
484 4532 618 4602 sapit
654 4531 967 4584 monachum
1010 4528 1536 4585 Muhammedanum.
1601 4583 1604 4587 ,

1554 4688 1559 4694 .
1640 4630 1757 4689 11*
