2981 5125
561 453 756 514 men,
814 431 1125 498 worit‘ber
1180 436 1277 501 sie
1328 436 1405 499 in
1459 438 1677 528 einiqe
1736 436 2015 504 Unruhe
2054 438 2436 529 qeriethen3
2498 464 2576 507 er
2620 442 2855 529 befaltl
2941 449 2942 458 ’

561 545 872 610 desshalb
916 550 1147 613 seinen
1191 548 1476 631 Lenaea,
1521 551 1743 616 Fcuer
1784 554 2227 620 anzuziimlen
2268 555 2416 618 und
2454 556 2563 621 die
2591 558 2852 623 Hunde

561 660 1017 741 anzubinden‚
1062 662 1208 725 und
1249 684 1367 751 τος]
1412 663 1601 726 dmm
1644 667 1764 730 mit
1808 665 2016 731 ihncn
2062 666 2170 731 ab.
2262 669 2392 733 Die
2427 669 2637 736 Banu
2682 670 2851 737 Sa’d

559 773 925 862 ςὶαιιῦιοη,
989 775 1145 838 dass
1187 776 1283 839 sic
1326 776 1503 841 noch
1547 776 1737 843 nicht
1778 767 2152 870 abque-'qen
2203 788 2485 864 wiiren,
2550 786 2707 849 und
2749 786 2848 851 uls
2941 789 2942 816 l

558 889 656 953 sie
699 912 809 951 am
846 889 1154 976 ¹anderen
1195 890 1484 978 Morqcn
1532 890 1805 973 humen,
1852 917 2005 958 war
2046 892 2167 958 'das
2209 895 2413 958 Laud
2455 919 2588 960 von
2631 897 2843 972 ilmen

559 1000 945 1083 verlassen3
1015 1004 1111 1066 sie
1167 1004 1539 1070 crreichten
1593 1007 1691 1070 sic
1746 1007 1909 1072 aber
1961 1008 2134 1077 noch
2178 1008 2281 1073 bei·
2321 1008 2659 1075 cl-Faruc
2702 1013 2844 1077 und
2939 997 2942 1094 i

560 1113 883 1180 brachten
926 1115 1135 1181 ihnen
1179 1119 1326 1182 eine
1375 1117 1674 1183 schwere
1716 1120 2120 1209 Niederlaqe
2167 1122 2289 1185 bei.
2384 1123 2702 1212 Hierauf
2728 1126 2839 1191 be—

556 1226 787 1293 ziehen
810 1227 952 1293 sich
981 1230 1088 1293 die
1119 1228 1241 1295 W*
1231 1242 1368 1296 orte
1390 1232 1504 1297 des
1524 1233 1828 1316 Antara3
1865 1234 2010 1297 und
2039 1217 2315 1300 Samma
2340 1236 2489 1303 Bcn
2514 1237 2835 1304 Dsclma-

558 1341 677 1405 dal
717 1353 906 1432 saqtz
2211 1417 2216 1422 ἡ

643 1456 880 1519 Damit
919 1458 1051 1521 wir
1093 1457 1194 1524 bei
1235 1460 1570 1526 el-Faruc
1607 1482 1815 1525 uvzsre
1861 1462 2139 1525 Frauen
2182 1464 2695 1555 vertheidiqten,

657 1567 812 1633 Uml
854 1571 1140 1636 todtclen
1182 1573 1353 1654 den,
1398 1575 1520 1639 der
1556 1598 1642 1639 zu
1683 1596 1816 1639 uns
1862 1574 2013 1662 kam
2060 1575 2161 1641 bei
2202 1576 2471 1644 Molzic.
2935 1617 2942 1726 l

558 1681 801 1748 Molzic
843 1684 932 1746 ist
975 1684 1152 1748 auch
1192 1687 1300 1749 ein
1350 1687 1477 1751 Ort
1515 1690 1589 1773 q).

1817 1871 1960 1881 --.-—.

725 2025 900 2087 Nunc
943 2024 1025 2086 de
1068 2024 1241 2087 bello
1289 2027 1852 2091 Gathafanidarum
1901 2036 1964 2091 et
2005 2030 2445 2106 Amiritarum,
2492 2032 2601 2115 qui
2644 2034 2820 2098 ambo

555 2136 837 2200 Kaisitae
896 2156 1153 2219 quoque
1212 2148 1390 2217 sunt,
1450 2161 1839 2223 exponemus
1885 2117 2194 2225 ejusdem
2214 2142 2564 2209 Nuwairii
2605 2148 2820 2228 verbis.

557 2251 700 2325 Quo
746 2253 1020 2333 pertinet

731 2371 980 2425 »Jaum
1022 2385 1137 2425 er·
1139 2372 1467 2437 Bakam,
1515 2387 1642 2447 quo
1690 2368 1972 2432 vicerunt
2013 2372 2473 2435 Gathafanidae
2517 2371 2818 2440 Amiritas.

559 2476 898 2539 »Nimirum
939 2478 1239 2540 Amiritae
1278 2477 1684 2544 incurrebant
1739 2483 1802 2543 in
1847 2484 2226 2547 territorium
2267 2443 2817 2597 Gathafanffiarum

560 2593 759 2654 »duce
805 2593 1215 2672 el-Hakemo,
1259 2593 1392 2658 filio
1437 2595 1524 2658 '-t
1531 2596 1827 2673 Thofaili,
1872 2607 2001 2675 aut,
2045 2608 2114 2662 ut
2159 2600 2267 2662 alii
2314 2603 2546 2682 dicunt,
2588 2604 2818 2681 suido,

542 2703 731 2768 ·»filio
777 2705 956 2769 sfl-Sa
959 2705 1100 2769 'aki.
1187 2708 1312 2770 Sed
1359 2711 1700 2774 commisso
1748 2712 1830 2773 ad
1875 2711 2271 2792 er-Rakam,
2319 2735 2550 2798 aquam
2585 2718 2817 2783 Marri—

561 2828 800 2881 »tarum
860 2820 1854 2909 (DzobJan-Gathafanidarum),
1920 2829 2169 2909 proelio
2234 2832 2660 2916 profligabant
2717 2853 2816 2923 eos

559 2933 1060 2997 »Gathafanidae
1120 2935 1235 2996 sub
1293 2936 1523 3000 ducatu
1578 2939 2003 3005 Fazaritarum
2064 2944 2318 3026 quidem
2375 2943 2636 3026 'Otbae,
2710 2946 2815 3011 filii

559 3045 865 3107 »Hosaini
902 3045 992 3130 r),
1036 3048 1438 3112 Morritarum
1482 3071 1638 3115 vero
1682 3038 1918 3132 Jazidi,
1960 3054 2078 3118 filii
2123 3058 2375 3136 Sinani,
2422 3070 2561 3137 aut,
2608 3071 2675 3147 ut
2713 3063 2815 3135 alii
2939 3090 2942 3171 A

557 3157 840 3234 »dicunt‚
908 3158 1289 3239 el—Harithi,
1352 3163 1468 3225 filii
1521 3166 1682 3228 Aufi.
1780 3169 2163 3255 Asseverant
2224 3173 2686 3240 Gathafanidae
2739 3198 2811 3240 eo

558 3278 884 3351 »tempore
930 3291 999 3334 se
1045 3276 1366 3356 octoginta
1411 3289 1684 3358 quatuor
1725 3281 2017 3346 Amiritas
2064 3286 2340 3366 cepisse,
2395 3309 2559 3370 quos
2616 3291 2814 3354 tradi-

555 3383 804 3445 »derint
835 3385 1017 3453 alicui
1049 3386 1327 3451 familiae
1353 3390 1930 3459 Aschdscha'iticae
1976 3406 2039 3460 et
2080 3399 2172 3461 sic
2199 3420 2414 3481 -porro
2444 3403 2812 3482 Amiriticae,

554 3497 704 3577 »qui
751 3517 972 3560 omnes
1019 3499 1162 3562 illos
1208 3504 1615 3569 trucidaverit
1654 3507 1718 3569 in
1757 3509 2056 3573 talionem
2096 3534 2333 3590 eorum,
2378 3537 2540 3596 quos
2578 3519 2658 3580 de
2692 3520 2811 3587 suis

552 3611 894 3687 »Amiritae
937 3621 1124 3675 antea
1151 3617 1655 3683 trucidaverant.
1738 3623 2068 3688 Evadebat
2101 3626 2464 3706 el-Hakem,
2513 3629 2684 3695 filius
2717 3640 2811 3696 et-

552 3724 892 3800 »Thofaili‚
937 3746 1075 3788 cum
1118 3729 1658 3811 paucistsuorum,
1704 3756 1864 3816 quos
1907 3738 2071 3801 inter
2101 3739 2418 3805 Chawwat
2456 3752 2609 3821 erat,
2654 3745 2810 3811 filius

454 3876 459 3877 ff
551 3835 795 3914 »Ca'bi,
852 3858 1073 3903 versus
1129 3859 1360 3921 aquam
1419 3844 1822 3913 el-Marurat
1866 3851 2116 3916 dictam.
2207 3856 2333 3919 Sed
2379 3861 2812 3943 strangulabat

552 3969 704 4011 »eos
735 3951 890 4028 sitis,
935 3960 998 4014 et
1035 3954 1383 4019 el-Hakem
1425 3958 1564 4040 ipse
1607 3963 1727 4025 sibi
1770 3964 1985 4029 fauces
2032 3968 2259 4049 laqueo
2306 3971 2603 4052 elidebat,
2649 3984 2811 4041 metu

552 4081 671 4124 »ne
718 4066 855 4143 quis
901 4066 1062 4130 alius
1105 4069 1171 4132 in
1215 4091 1285 4134 se
1327 4072 1583 4138 ludibrii
1630 4085 1693 4139 et
1736 4078 2121 4143 crudelitatis
2169 4085 2525 4167 exemplum
2568 4098 2809 4155 statue-

552 4185 703 4238 »ret.
744 4206 750 4210 ·
789 4179 966 4241 Unde
1008 4182 1326 4268 intelligas
1371 4187 1531 4251 illud
1575 4189 1854 4268 'Orwae‚
1897 4192 2013 4256 filii
2054 4194 2397 4315 'l-Wardi·

651 4339 703 4409 q)
742 4355 825 4389 wo
868 4337 956 4390 die
991 4340 1097 4391 Bm
1081 4362 1154 4393 nu
1190 4343 1286 4394 Sa’
1290 4343 1327 4394 d
1364 4346 1493 4396 iiber
1530 4348 1617 4400 «lie
1653 4349 1817 4401 Banu
1856 4351 2034 4402 'Amir
2068 4355 2222 4405 einen
2255 4355 2387 4428 δίᾳ]
2425 4359 2719 4429 erfochten.

658 4429 702 4500 r)
740 4425 885 4507 Ergo
924 4429 1027 4486 suit
1062 4431 1148 4486 hic
1185 4433 1298 4489 dies
1334 4436 1600 4509 antiquior
1636 4438 1723 4493 die
1759 4438 1987 4494 Kathan.
2062 4461 2110 4498 v.
2150 4461 2326 4514 supra.
