2981 5125
1382 259 1948 334 „120-

544 453 754 515 »siora
796 448 1102 523 invidisti,
1146 449 1390 533 ajebat,
1435 456 1501 513 et
1541 451 1682 514 sola
1723 448 2057 513 vendidisti
2102 452 2536 511 recrementa?
2605 468 2839 511 annon

547 564 719 646 »spei
764 571 827 628 et
864 561 1235 644 flagitationi
1281 574 1423 627 tuae
1468 566 1532 628 in
1577 566 1687 640 iis,
1732 582 1896 645 quae
1940 561 2214 638 redemi,
2257 562 2591 624 satisfeci?
2679 564 2837 625 Nou

546 677 854 759 »negabat
886 677 1181 739 Judaeus.
1268 678 1477 752 Quare
1523 699 1675 762 ergo
1717 677 1968 739 fecisti?
2057 677 2214 739 Sunt
2260 697 2415 759 opes
2462 695 2662 753 meae,
2714 696 2840 738 re-

546 791 937 874 »spondebat
977 790 1287 868 Judaeus,
1354 793 1433 853 de
1493 792 1717 872 quibus
1776 810 1893 873 pro
1949 789 2147 853 lubitu
2207 798 2483 852 statuere
2536 809 2837 871 possum,

546 905 859 968 »vendere
905 912 967 967 et
1008 896 1277 968 retinere
1321 925 1399 967 ex
1442 906 1725 969 arbitrio.
1827 905 1911 966 ld.
1945 903 2106 966 adeo
2154 904 2543 967 accendebat
2585 922 2837 985 regem,

522 1027 653 1102 yut
694 1027 891 1082 totum
939 1019 1074 1103 ejus
1121 1027 1489 1099 apparatum
1535 1020 1655 1102 ipsi
1694 1019 1950 1104 juberet
1982 1019 2191 1080 adimi.
2279 1018 2512 1080 Contra
2544 1018 2833 1079 ,Iudaeus

549 1133 923 1197 »vindictam
967 1151 1275 1215 quaerens
1324 1133 1704 1196 observabat
1740 1134 1925 1211 diem,
1971 1154 2096 1215 quo
2139 1126 2645 1212 suspendebatur
2675 1129 2833 1192 dia-

551 1248 771 1308 »dema
818 1247 880 1308 in
925 1255 1110 1327 porta
1170 1246 1394 1307 domus
1452 1245 1745 1326 antiquae
1791 1257 1852 1311 et
1898 1248 2235 1312 occidebat
2277 1264 2582 1325 vesperae
2627 1243 2833 1322 illum,

458 1350 462 1354 ’
551 1362 693 1443 »qui
742 1380 879 1422 eam
923 1360 987 1423 in
1035 1360 1335 1442 palatium
1383 1380 1458 1422 ex
1505 1362 1714 1424 officio
1760 1361 2111 1436 referebat,
2172 1369 2233 1422 et
2291 1358 2631 1441 aufigiebat
2684 1378 2829 1422 cum

553 1494 828 1536 »corona
875 1475 1177 1536 nobilium
1226 1492 1530 1553 equorum
1578 1493 1794 1557 opera.
1882 1475 2151 1535 Primum
2196 1472 2642 1553 ignorabatur,
2688 1468 2830 1551 quis

554 1587 691 1647 »t'ur
736 1586 1105 1650 diadematis
1153 1594 1349 1661 esset;
1406 1588 1657 1651 tandem
1706 1595 1912 1651 certus
1958 1588 2202 1650 ferebat
2245 1604 2463 1646 rumor
2505 1584 2830 1646 Hieroso—

554 1702 803 1783 »lymis‚
868 1699 933 1762 id
994 1700 1079 1761 ibi
1141 1700 1574 1780 requiescere,
1637 1710 1957 1783 totamque
2012 1702 2180 1764 illam
2235 1699 2457 1774 ,Iudaei
2517 1698 2829 1760 actionem

555 1815 785 1876 »fuisse
831 1814 992 1896 regis
1036 1813 1258 1875 Judaei
1306 1815 1850 1892 machinationem,
1896 1834 2021 1896 qua
2063 1835 2132 1877 se
2176 1814 2448 1878 voluerit
2492 1812 2831 1874 diadema-

554 1927 667 1989 »tis
725 1934 1079 2009 compotem
1143 1927 1372 1988 facere.
1480 1928 1598 1990 1110
1648 1937 1932 2010 tempore
1975 1928 2227 1989 Judaeis
2272 1933 2566 2009 praeerat
2604 1926 2827 1998 Faran,

553 2039 755 2101 »filius
799 2039 1049 2115 Jacobi,
1097 2040 1175 2102 de
1225 2042 1384 2104 tribu
1429 2044 1771 2125 Benjamin.
1858 2043 2037 2104 Hunc
2084 2040 2358 2125 rogabat
2396 2038 2592 2114 'Amr,
2639 2038 2830 2100 veliet

559 2152 718 2214 »sibi
772 2173 951 2213 suum
1014 2153 1305 2214 diadema
1364 2163 1597 2218 sartum
1653 2164 1884 2218 tectum
1946 2155 2292 2229 remittere,
2350 2152 2627 2216 vicissim
2673 2150 2830 2214 velie

561 2285 711 2347 »per
755 2268 876 2327 vim
923 2266 1209 2327 ademtos
1254 2257 1496 2329 Judaeo
1541 2270 1809 2331 uniones
1859 2276 1920 2330 et
1965 2287 2241 2349 gemmas
2286 2268 2649 2341 restituere3
2702 2267 2827 2349 jam

561 2398 947 2459 »agnoscere
978 2381 1378 2441 commissum
1410 2401 1525 2444 sua
1558 2384 2036 2463 praecipitantia
2068 2382 2323 2458 crimen,
2370 2382 2634 2463 ejusque
2656 2399 2828 2460 ‚poe-

562 2491 863 2554 »nitentia
921 2490 1081 2554 duci.
1184 2493 1311 2554 Sed
1369 2494 1640 2575 negabat
1681 2498 1885 2559 Faran
1928 2516 2042 2578 per
2087 2515 2406 2573 caussam,
2469 2494 2647 2576 quod
2690 2492 2829 2555 velit

564 2606 756 2668 »iliud
803 2607 865 2667 in
914 2606 1150 2688 templo
1194 2609 1768 2692 Hierosolymitano
1819 2611 2049 2672 dicare.
2144 2612 2215 2673 ld
2259 2610 2494 2673 bellum
2540 2608 2829 2671 concita-

543 2721 745 2796 .»bat;
790 2728 1009 2782 nostra
1055 2721 1306 2802 quidem
1350 2733 1530 2804 parte
1577 2725 1843 2787 ducenta
1887 2725 2163 2786 virorum
2209 2725 2406 2786 millia
2450 2724 2828 2805 pugnabant,

564 2843 849 2897 »centum
914 2834 1109 2897 millia
1171 2835 1816 2899 Dschorhamidarum
1883 2844 1945 2898 et
2010 2836 2269 2898 totidem
2331 2837 2830 2911 Amalekitarum,

562 2947 827 3028 »quibus
875 2947 1261 3010 accedebant
1307 2949 1757 3033 quinquaginta
1801 2951 2013 3027 miliia,
2058 2970 2220 3032 quae
2264 2951 2448 3014 nobis
2484 2951 2831 3024 el-AhwaS,

563 3061 767 3124 »filius
801 3061 1019 3138 'Amri,
1061 3063 1400 3125 Kodha'ita
1446 3065 1730 3127 mittebat
1763 3063 2084 3145 suppetias
2121 3063 2196 3148 b).
2281 3066 2376 3126 Ex
2415 3063 2618 3126 altera
2662 3070 2831 3145 parte

461 3179 464 3182 ’
567 3182 893 3256 »rogatum
938 3175 1000 3235 in
1049 3175 1347 3237 auxilium
1394 3184 1726 3257 acceperat
1760 3178 1984 3253 Faran,
2025 3176 2193 3241 filius
2222 3176 2466 3253 Jacobi,
2509 3179 2832 3239 Rumaeo-

564 3306 739 3347 »rum
787 3294 1034 3348 centum
1082 3287 1273 3348 millia
1317 3306 1351 3349 a
1388 3297 1533 3350 tunc
1567 3299 1864 3372 regnante
1897 3292 2171 3367 Schanif,
2210 3291 2343 3352 filio
2380 3291 2614 3353 Herkel
2650 3288 2832 3373 (Her—

566 3399 793 3475 »culiS,
848 3406 958 3462 aut
1014 3399 1346 3482 Heraclii),
1406 3400 1543 3482 ipse
1587 3403 1848 3466 totidem
1895 3405 2020 3467 alia
2067 3405 2374 3467 educebat
2412 3403 2832 3469 Israelitarum

567 3512 802 3605 »millia
818 3536 837 3589 ,
898 3512 1122 3594 quibus
1169 3514 1388 3597 ingens
1419 3515 1716 3577 miscella
1761 3518 2059 3602 Syrorum
2106 3518 2286 3580 turba
2332 3536 2400 3579 se
2446 3516 2835 3599 adjunxerat.

566 3627 1037 3690 »procedebant
1080 3642 1278 3708 usque
1325 3628 1404 3689 ad
1449 3627 1617 3690 hunc
1663 3639 1940 3693 montem
1981 3629 2319 3715 (Dschabal
2354 3628 2835 3701 el-Mathabich,

566 3741 872 3804 »vicinum
906 3743 1183 3825 Meccae)
1233 3752 1295 3804 et
1336 3743 1733 3805 metabantur
1774 3744 1836 3806 in
1881 3745 2013 3828 ejus
2057 3753 2236 3827 parte
2277 3741 2606 3818 orientali;
2652 3741 2834 3804 nobis

570 3856 1001 3918 »occidentem
1036 3855 1458 3918 obtinentibus
1490 3857 1884 3919 instruebant
1918 3857 2096 3940 ignes
2140 3864 2204 3920 et
2246 3857 2624 3938 coquebant,
2669 3855 2835 3939 quod

571 3987 728 4029 »nos
773 3969 941 4030 idem
989 3989 1243 4051 quoque
1288 3971 1695 4059 faciebamus,
1740 3968 1908 4032 unde
1945 3991 2177 4037 nomen
2213 3971 2409 4034 monti
2451 3971 2665 4047 crevit,
2715 3990 2835 4053 quo

576 4079 932 4143 »Dschabal
1003 4082 1500 4170 el-Mathabich
1571 4081 1702 4165 (seu
1776 4105 1954 4147 mons
2032 4085 2394 4169 culinarum)
2467 4085 2836 4168 appellatur.

574 4191 855 4254 »Deinde
899 4193 1423 4258 transferebamus
1470 4216 1586 4263 nos
1630 4198 1692 4259 in
1737 4198 2101 4277 Ko’aiki’an,
2148 4200 2320 4282 quod
2355 4199 2517 4260 idem
2561 4197 2654 4260 illi
2695 4198 2838 4260 imi-

675 4404 932 4500 b)'Atqui
971 4438 1078 4484 tum
1118 4431 1352 4486 nondum
1392 4443 1541 4488 erant
1580 4434 1908 4491 Kodha'itae.
