2981 5125
1047 359 1602 432 *25—

373 539 525 600 »lllo
573 545 886 621 tempore,
943 543 1010 606 id
1058 556 1154 609 est
1196 549 1257 610 in
1302 550 1520 614 diebus
1567 554 2097 637 Dschodzaimae,
2162 573 2294 626 erat
2338 531 2461 629 ali-

191 653 376 732 »quis
422 652 804 731 Amalekita,
852 659 951 718 cui
996 678 1222 723 nomen
1266 664 1441 739 Amr,
1488 665 1653 729 filius
1700 669 2092 751 ed-Dharbi,
2137 677 2243 739 filii
2291 681 2461 742 Has-—

190 766 404 842 nani,
458 769 769 848 imperans
815 771 879 831 in
925 771 1441 838 el-Dschazirah
1486 777 1616 861 (seu
1662 781 2119 866 Mesopotamia
2167 792 2462 856 inferiore

188 879 334 940 »vel
382 879 700 942 Chaldaea
748 885 1062 971 contigua)
1106 889 1168 950 in
1215 891 1409 953 Awali
1459 891 1591 977 (seu
1638 896 2099 978 altitudinibus,
2145 920 2277 977 τοῖς
2324 904 2459 973 ἅνω

188 991 483 1075 »stipem
540 994 874 1075 Euphratis
906 997 973 1081 1),
1041 1009 1102 1062 et
1158 1003 1220 1063 in
1275 1003 1398 1066 illis
1447 1009 1664 1090 Syriae
1708 1010 2022 1090 partibus,
2089 1035 2252 1097 quae
2296 1017 2457 1081 Ma-

185 1105 504 1190 »selidrif'
525 1110 579 1195 u)
627 1111 1038 1191 appellantur.

368 1224 583 1285 »Hunc
640 1223 912 1288 ’Amrum
971 1228 1166 1313 longo
1227 1233 1487 1294 fractum
1551 1236 1900 1316 victumque
1959 1238 2130 1302 bello
2195 1245 2458 1306 necabat
2510 1264 2516 1270 ·

181 1337 756 1401 »Dschodzaimah.
854 1342 977 1403 Sed
1027 1343 1423 1427 relinquebat
1465 1348 1585 1410 iste
1630 1349 1796 1413 'Amr
1836 1352 2061 1430 filiam,
2131 1376 2280 1419 vero
2328 1379 2455 1420 no—

183 1450 397 1512 »mine
439 1451 691 1528 Na‘ilah,
753 1452 933 1537 vulgo
980 1465 1184 1518 autem
1233 1457 1666 1548 (ἐπιθετικώς)
1714 1465 2077 1530 el-Zabbao
2126 1470 2346 1531 dictam
2386 1470 2455 1554 v).

182 1562 345 1624 »Illa
388 1574 681 1647 suscepto
731 1575 874 1647 post
910 1577 1150 1666 patrem
1188 1571 1474 1653 imperio,
1520 1577 1834 1641 condebat
1867 1581 1949 1643 ad
1979 1583 2363 1663 Euphratem
2385 1583 2451 1668 W)

177 1676 384 1739 »duas
432 1681 759 1777 oppositas
804 1682 922 1744 sibi
971 1685 1154 1747 urbes
1194 1687 1279 1770 x),
1338 1691 1742 1774 struebatque
1785 1694 2280 1759 Dschodzaimae
2325 1697 2453 1760 do-

176 1789 353 1864 ulos,
423 1792 646 1874 suique
703 1815 877 1875 spem
939 1805 1001 1858 et
1061 1799 1412 1880 cupidinem
1474 1806 1749 1894 faciebat
1791 1809 2007 1870 uxoris
2055 1811 2450 1886 obtinendae,

174 1905 403 1982 »quod
448 1907 615 1984 adeo
663 1908 822 1971 bene
865 1914 1286 1991 procedebat,
1333 1924 1400 1978 ut
1444 1896 1582 1980 eum
1632 1921 1805 1982 vanis
1853 1921 2180 2003 deceptum
2225 1924 2450 1985 illece-

170 2016 358 2078 »bris
418 2028 597 2082 nacta
657 2031 1048 2100 praesentem
1112 2026 1432 2091 occideret
1483 2040 1546 2092 et
1597 2034 1677 2094 ab
1724 2053 1800 2095 eo
1848 2034 2090 2114 paterni
2135 2036 2450 2116 sanguinis

168 2149 462 2212 »poenas
508 2142 801 2196 sumeret.

356 2246 555 2307 »Hinc
599 2248 816 2329 incipit
858 2270 1125 2333 reguum
1162 2251 1667 2317 Lachmilarum
1712 2259 1773 2319 in
1820 2260 2185 2337 el-Hirah,
2245 2263 2310 2326 id
2356 2274 2449 2327 est

166 2358 747 2422 »el-Monadzerah
795 2359 929 2446 (seu
958 2365 1467 2454 Mondzirorum),
1512 2378 1913 2450 posterorum
1942 2375 2076 2437 ’Adi
2105 2375 2217 2438 filii
2248 2378 2447 2454 Nasri,

171 2469 338 2532 »filii
379 2472 674 2549 Rabi’.1h,
740 2474 819 2536 de
873 2477 1144 2558 posteris
1189 2480 1460 2558 Lachm‚
1526 2482 1640 2544 filii
1684 2483 1848 2561 ’Adi,
1914 2486 2028 2549 filii
2072 2489 2270 2567 ’,Amr
2336 2490 2446 2552 filii

147 2587 407 2649 »Saba
499 2590 651 2649 Nam
709 2599 856 2671 post
915 2593 1186 2655 occisum
1234 2615 1308 2658 ea
1353 2597 1600 2661 ratione
1642 2601 2166 2665 Dschodzaimam
2213 2622 2445 2684 regna-
2508 2650 2522 2665 .

167 2700 327 2762 »bat
370 2704 502 2786 ejus
545 2724 621 2764 ex
661 2724 884 2766 sorore
915 2705 1204 2770 Rakasch
1234 2730 1455 2792 nepo-⁶3,
1500 2714 1667 2777 ’Am1
1702 2714 1866 2779 filius
1899 2713 2055 2791 'Adi,
2099 2715 2210 2777 filii
2241 2715 2443 2793 Nasri,

705 2843 744 2853 νὴ

281 2929 330 2996 't)
365 2948 502 3000 quae
545 2933 610 2984 ad
649 2933 784 2986 ostia
818 2931 1102 2989 fluminum
1143 2945 1194 2990 et
1232 2940 1393 2992 maris
1429 2940 1584 2993 litora
1623 2941 1720 2994 sita
1770 2952 1891 2995 sunt
1943 2961 2004 2996 ea
2052 2944 2120 2995 τὰ
2170 2944 2308 2996 κάτω
2348 2947 2440 2999 di—

166 3037 394 3093 cuntur,
444 3040 496 3083 et
531 3030 599 3085 de
636 3032 703 3085 iis
743 3032 983 3087 obtinent
1019 3043 1372 3101 καταβαίνειν,
1429 3055 1567 3107 quae
1604 3037 1670 3091 ad
1707 3039 1941 3109 origines
1979 3041 2263 3097 fluviorum
2294 3053 2351 3098 ,et
2386 3046 2441 3099 in

165 3129 353 3183 medio
393 3133 722 3195 continente,
758 3129 862 3185 ἄνω
899 3140 952 3185 et
981 3131 1290 3199 ἀναβαίνειν.

278 3227 334 3299 u)
375 3230 482 3284 alta
511 3232 595 3286 vel
634 3234 850 3285 Maseli(
846 3234 952 3285 trik
987 3234 1282 3289 orientalia.
1366 3234 1600 3310 Utraque
1635 3239 1899 3310 reperitur
1934 3242 2153 3312 scriptio
2193 3252 2246 3295 et
2281 3242 2439 3298 habet

161 3337 418 3384 auctores
455 3340 508 3385 et
543 3341 872 3402 protectores
911 3353 1054 3399 suos,
1090 3345 1143 3389 et
1175 3336 1376 3401 nescio,
1414 3356 1552 3410 quae
1588 3340 1656 3393 sit
1691 3340 1899 3394 melior.
1987 3338 2120 3394 Nam
2158 3341 2304 3395 illam
2344 3361 2438 3413 per

156 3410 244 3473 Q
277 3431 324 3500 f
357 3440 658 3503 propugnat
704 3431 1130 3499 Dscheuharius,
1179 3435 1316 3489 hanc
1354 3454 1469 3491 mos
1508 3439 1828 3510 scriptorum
1866 3437 2157 3511 Syrorum,
2212 3441 2331 3494 loca
2370 3441 2435 3494 ad
2543 3479 2546 3482 -

156 3530 496 3601 Euphratem
537 3532 634 3585 sita
674 3532 965 3583 orientalia
1004 3533 1243 3587 el-bilad
1281 3536 1695 3610 es—Scharkijah
1731 3539 2050 3611 appellandi.
2138 3539 2285 3593 Hinc
2333 3559 2433 3593 ac—
2522 3518 2533 3530 κ

158 3639 428 3702 ceperunt
467 3649 682 3703 quoque
718 3628 924 3684 Arabes
961 3648 1158 3686 nomen
1193 3633 1587 3688 Saracenorum
1623 3657 1652 3692 a
1692 3636 2005 3693 Christianis
2042 3637 2219 3709 Syris,
2267 3638 2320 3689 id
2357 3646 2436 3690 est

158 3730 535 3796 orientalium,
591 3739 643 3784 et
678 3732 823 3786 nulla
860 3733 962 3787 alia
998 3734 1065 3787 de
1101 3750 1276 3787 causa.
1363 3735 1496 3791 Nam
1536 3741 1680 3810 quod
1715 3739 1967 3809 Scaliger
2001 3738 2137 3790 illud
2172 3753 2378 3796 nomen.
2403 3755 2432 3789 a

157 3830 334 3885 verbo
366 3832 551 3891 sarak,
586 3832 810 3901 fun-atus
843 3843 942 3894 ese,
981 3834 1199 3897 derivet,
1236 3842 1288 3887 et
1325 3853 1354 3888 a
1391 3836 1683 3891 latrociniis
1719 3838 1791 3890 ita
1828 3838 1998 3891 dictos
2037 3844 2184 3907 putet
2209 3833 2448 3901 ArabeS,

154 3930 214 3982 in
254 3947 324 3983 eo
363 3930 545 3999 prodit
577 3931 880 4000 ignorasse,
930 3934 1074 4005 quod
1111 3913 1260 3985 saith
1295 3951 1403 3987 non
1442 3935 1673 4001 dicatur,
1721 3936 1822 3989 nisi
1865 3936 1931 3988 de
1969 3934 2087 3987 sure
2121 3934 2429 3998 domestico,

156 4028 523 4092 clandestino,
559 4030 879 4097 artificioso;
935 4034 1027 4087 sed
1065 4033 1133 4088 de
1173 4034 1379 4088 latrone
1418 4034 1614 4103 pirata,
1653 4034 1884 4087 violento
1920 4034 2030 4089 liiss
2064 4032 2184 4119 925
2220 4034 2426 4088 dicitur.
2470 4097 2476 4103 .

270 4127 323 4198 v)
362 4128 418 4180 id
456 4135 536 4183 est
571 4129 814 4199 pilosam,
849 4131 935 4185 vel
965 4132 1141 4201 potius
1169 4141 1456 4195 comatam;
1496 4151 1617 4187 nam
1648 4134 1858 4205 quando
1888 4134 2196 4191 demittebat
2223 4152 2427 4189 comam

155 4246 330 4291 suam,
369 4236 576 4298 poterat
613 4237 780 4283 totum
819 4247 981 4311 suum·
1019 4249 1215 4303 corpus
1253 4231 1521 4301 obtegere.

257 4327 327 4397 w)
365 4325 655 4398 Euphratis
695 4337 970 4399 utramque
1008 4329 1194 4399 ripam.

270 4424 325 4495 x)
362 4444 523 4481 unam
561 4445 742 4480 earum
781 4427 948 4482 fuisse
987 4425 1307 4492 Circesium,
1344 4430 1567 4484 affirmat
1599 4430 1865 4487 Abulseda
1905 4432 1970 4487 ad
2009 4452 2126 4487 ann.
2166 4434 2294 4494 663,
2334 4430 2426 4483 sed

158 4523 310 4578 addit
348 4542 409 4579 ea
452 4525 517 4579 de
554 4544 612 4579 re
650 4544 756 4581 non
795 4527 1094 4582 consentire
1133 4536 1388 4583 auctores,
1559 4509 1560 4514 Ἰ
