2981 5125
1090 349 1178 359 -..
1308 306 1408 379 27
1544 355 1632 366 ..-

237 497 408 557 »rios
458 500 520 556 et
564 492 867 575 quidquid
909 493 1030 575 ipsi
1082 493 1379 574 placebat
1433 504 1502 558 ut
1558 497 1839 558 facerent
1898 495 2186 559 nolentes
2231 495 2511 558 volentes

234 590 539 671 »adactis
626 609 804 670 Hanc
867 607 953 669 ob
1019 608 1410 693 tyrannidem
1476 618 1540 672 et
1601 609 1886 691 obsequii
1946 610 2245 672 vilitatem
2305 608 2512 671 multis

233 721 765 786 »Tanuchitarum
821 743 949 785 non
1011 724 1307 805 placebat
1366 723 1632 786 ulterior
1692 724 1756 784 in
1814 722 2122 786 el—Irako
2175 741 2387 796 mora,
2453 731 2516 783 et

231 843 592 917 »quotquot
634 856 853 899 eorum
901 839 1166 901 aderant
1212 840 1291 900 de
1341 839 1623 902 tribubus
1657 837 1991 900 KodhA’ah
2030 836 2173 913 illis,
2220 837 2325 917 qui
2373 856 2512 898 cum

231 949 513 1012 »Maliko
563 958 626 1013 et
668 949 875 1015 'Amro
921 952 1067 1015 filiis
1107 953 1323 1015 Fahmi
1384 962 1450 1016 ut
1507 962 1570 1015 et
1619 973 1757 1016 cum
1802 951 2037 1014 Maliko
2091 950 2226 1012 filio
2275 950 2513 1011 Zamini

228 1062 697 1140 »advenerant‚
742 1065 836 1127 illi
882 1066 1143 1128 abibant
1185 1066 1248 1127 in
1295 1065 1540 1150 Syriam
1568 1066 1616 1150 4)
1665 1065 1746 1127 ad
1790 1072 1902 1127 eos
1945 1063 2347 1138 Kodha’itas,
2407 1063 2512 1144 qui

229 1177 359 1239 »ibi
399 1178 530 1260 jam
576 1187 761 1240 antea
803 1180 1069 1242 fuerant.
1153 1182 1349 1244 Erant
1389 1200 1590 1262 porro
1652 1179 1789 1257 alii,
1852 1178 1992 1260 qni,
2056 1197 2196 1240 cum
2262 1184 2369 1239 aut
2425 1176 2510 1236 ob

227 1292 678 1354 »commissum
724 1293 986 1376 aliquod
1032 1297 1298 1374 crimen,
1360 1302 1467 1356 aut
1513 1295 1595 1357 oh
1640 1294 1835 1356 victus
1886 1291 2208 1375 penuriam
2257 1309 2513 1352 manere

226 1404 448 1467 »domi
492 1424 618 1468 non
662 1414 951 1487 possent,
1011 1407 1093 1469 ad
1136 1408 1243 1470 Rif
1283 1407 1410 1491 (seu
1460 1416 1722 1470 tractum
1767 1405 2163 1490 maritimum)
2213 1403 2512 1468 el-’Iraki

230 1536 346 1578 »se
409 1518 801 1599 recipiebant
865 1530 925 1584 et
989 1521 1322 1584 el-Hiram
1389 1521 1772 1584 incolebant.
1886 1521 2011 1584 Sed
2073 1520 2167 1582 illi
2226 1518 2512 1601 plerique

229 1629 582 1710 »ignobiles
629 1639 692 1693 et
731 1632 885 1697 viles
920 1645 1114 1713 erant,
1161 1646 1222 1700 et
1252 1637 1344 1699 sic
1379 1636 1577 1699 evasit
1606 1635 1956 1699 incolarum
1992 1633 2302 1696 el-Hirae
2334 1628 2514 1715 (pro-

227 1744 532 1830 »vinciae)
593 1746 823 1827 triplex
867 1768 1094 1830 genus:
1155 1771 1342 1813 unum
1387 1751 1677 1812 trientem
1724 1748 2144 1812 conficiebant
2187 1745 2513 1809 Tanuchi-

222 1864 372 1919 »tae
402 1878 881 1940 conopaeorum
930 1864 982 1946 g)
1031 1872 1093 1925 et
1130 1865 1547 1928 tentoriorum
1584 1863 1856 1939 incolae,
1900 1871 2025 1924 tam
2063 1881 2300 1936 eorum,
2347 1877 2510 1940 quae

220 1991 350 2032 »ex
396 1971 706 2065 caprinis,
770 1992 957 2053 quam
1004 1995 1166 2056 qnae
1225 1997 1304 2039 ex
1364 1975 1686 2038 camelinis
1731 1976 1875 2055 pilis
1913 1974 1967 2057 h)
2027 1975 2513 2047 concinnantur3

217 2090 335 2146 »et
381 2084 450 2145 hi
493 2085 696 2182 ripam
741 2086 1196 2149 occidentalem
1234 2089 1573 2170 Euphratis
1618 2089 1698 2151 ab
1748 2087 2072 2151 el-Hirah
2116 2086 2263 2148 inde
2307 2106 2507 2168 usque

218 2196 352 2260 »ad
398 2197 752 2260 el-Ambar
795 2201 1190 2263 obsidebant.
1275 2201 1558 2264 Alterum
1602 2202 1890 2265 trientem
1934 2202 2173 2265 faciunt
2218 2200 2505 2264 el-’Ibad

221 2310 401 2396 »(seu
445 2310 804 2397 ’Ibaditae),
867 2313 973 2395 qui
1014 2315 1334 2398 planitiem
1382 2315 1707 2405 el—Hirae
1765 2315 2051 2380 tentoriis
2098 2323 2161 2377 et
2202 2313 2507 2377 aedificiis

219 2434 672 2507 »occuparunt
760 2427 1038 2489 Tertium
1083 2429 1353 2511 denique
1408 2429 1727 2491 el-Ahlaf
1781 2426 1912 2513 (seu
1970 2428 2331 2514 foederati),
2397 2430 2504 2511 qui

219 2559 336 2603 »se
378 2540 799 2625 adjunxerunt
843 2540 1210 2606 Hirensihus
1256 2545 1336 2607 ad
1383 2551 1642 2607 neutros
1690 2543 2112 2626 pertinentes,
2171 2561 2378 2625 neque
2425 2542 2506 2604 ad

218 2656 643 2719 »Tanuchitas
703 2655 1012 2719 beduinos
1073 2655 1194 2740 (vel
1253 2657 1576 2743 scenitas),
1638 2678 1841 2740 neque
1886 2659 1969 2720 ad
2011 2656 2339 2732 ’IbaditaS,
2401 2655 2507 2736 qui

222 2787 338 2830 »se
381 2768 803 2831 submiserant
842 2771 1246 2835 Ardeschiro.
1334 2773 1495 2836 Urbs
1528 2773 1858 2835 el-Hirah
1903 2773 1965 2834 in
2015 2780 2213 2835 tractu
2243 2771 2508 2833 ’l-Am-

220 2881 412 2960 »bar,
477 2902 631 2947 suae
690 2883 944 2965 capitali
1007 2886 1417 2967 cognomine,
1481 2887 1636 2962 sita,
1700 2886 1906 2947 fuerat
1950 2886 2097 2947 olim
2146 2884 2401 2946 condita
2447 2891 2510 2944 et

220 2995 462 3074 multa,
522 3017 647 3079 quo
701 3005 986 3078 tempore
1036 2996 1243 3059 Bocht
1285 2999 1445 3060 Nasr
1507 2997 1636 3082 (aut
1688 2998 2083 3061 Bochtansar
2134 2999 2233 3060 vel
2285 2996 2507 3058 Nebu-

222 3110 602 3195 »kadnezar)
677 3110 1064 3172 el-’Iraknm
1134 3111 1481 3193 subigebat.
1586 3113 1814 3175 Verum
1874 3112 1983 3175 illo
2040 3110 2195 3173 vivis
2256 3118 2503 3171 exemto

222 3223 675 3286 »deserebatur
720 3223 1040 3286 el-Hirah
1087 3224 1216 3287 suis
1263 3226 1342 3288 ab
1389 3226 1649 3303 incolis,
1712 3225 1818 3309 qui
1864 3226 1947 3288 ad
1994 3222 2350 3288 el-Ambar
2390 3242 2501 3284 se-

222 3337 596 3399 »cedebant.
682 3337 912 3400 Mansit
957 3358 1108 3421 ergo
1156 3340 1304 3402 urbs
1351 3340 1708 3402 el-Ambar
1735 3339 1904 3402 culta
1933 3340 2013 3402 ab
2045 3359 2123 3401 eo
2154 3339 2301 3401 inde
2335 3347 2504 3401 tem-

217 3471 441 3535 »pore,
490 3453 694 3513 donec
736 3452 1041 3534 inciperet
1069 3452 1393 3516 el-Hirah
1439 3475 1656 3517 rursus
1705 3456 1907 3517 excoli
1954 3462 2255 3538 regnante
2288 3452 2498 3513 ’Amro

217 3564 400 3627 »filio
446 3565 581 3627 'Adi
608 3563 654 3648 5)
702 3573 764 3627 et
809 3564 1012 3628 donec
1056 3565 1167 3628 ille
1211 3587 1386 3630 suam
1433 3569 1652 3632 sedem
1699 3588 1838 3632 eam
1885 3569 2257 3630 declararet.
2344 3565 2504 3626 Hinc

218 3680 492 3742 »mansit
548 3678 878 3741 el-Hirah
937 3678 1100 3740 culta
1156 3679 1299 3762 plus
1356 3684 1482 3746 530
1539 3703 1772 3759 annoS,
1834 3683 2041 3745 donec
2098 3679 2505 3742 fundamenta

219 3801 648 3874 »ponerentur
695 3792 1058 3869 el—-anae,
1119 3814 1306 3877 quam
1353 3796 1648 3878 deinceps
1693 3795 1934 3858 Arabes
1978 3790 2250 3855 Moslimi
2310 3789 2503 3851 inha-

221 3906 557 3969 »bitarunt.
645 3910 876 3970 Totum
937 3908 1109 3990 quod
1169 3906 1232 3971 in
1287 3931 1484 3993 regno
1534 3910 1738 3992 exegit
1798 3907 2066 3990 spatium
2110 3904 2278 3966 'Amr
2333 3902 2499 3965 filius

226 4021 435 4097 »’Adi,
501 4023 615 4084 suit
663 4024 786 4085 118
831 4042 1169 4101 annorum,
1235 4025 1339 4107 qui
1389 4023 1665 4086 calculus
1711 4022 2026 4085 consentit
2067 4020 2191 4097 illi,
2255 4018 2362 4102 qni
2407 4025 2505 4080 est

225 4138 431 4218 »apud
496 4144 815 4199 auctorem
878 4136 1018 4199 libri
1069 4134 1597 4215 ’l·Mo}iabberi‚
1662 4138 1775 4198 sed
1823 4137 2190 4198 adversatur
2231 4132 2323 4195 illi
2373 4130 2499 4215 (lbn

327 4392 378 4464 g)
420 4393 616 4464 quibus
663 4401 879 4448 utuntur
916 4392 970 4444 in
1010 4373 1312 4467 itineribus,
1352 4407 1486 4463 quae
1524 4391 1577 4443 in
1616 4389 1833 4444 camelis
1873 4389 2090 4444 faciunt.

324 4489 376 4561 h)
416 4491 681 4545 interdum
719 4503 770 4547 et
814 4489 1060 4561 pellibuS.
