2981 5125
1046 306 1600 390 ...105-

364 492 669 555 »Narrant
713 493 935 575 aliqui,
991 495 1299 559 Graecum
1338 497 1787 578 Imperatorem
1828 495 2034 578 ipsum
2077 496 2268 558 missa
2308 503 2457 578 toga

192 614 537 668 »venenata
582 607 940 684 sustulisse,
1002 610 1118 672 sed
1176 630 1297 692 ego
1358 627 1468 671 eos
1528 609 1746 692 nugari
1802 618 1975 691 puto.
2068 611 2320 672 Mortuo
2368 608 2458 671 sic

189 720 683 782 »Amrul-Kaiso
728 721 1066 784 invadebat
1109 721 1436 785 el-Harith
1481 719 1795 807 (Claudus)
1852 721 2020 786 filius
2074 722 2192 785 Abi
2249 722 2457 785 Scha-

188 832 369 894 »miri
413 834 789 911 Samuelem,
832 835 1272 899 Amrul-Kaisi
1314 836 1548 898 loricas
1592 857 1854 899 numero
1901 842 2147 899 centum
2195 844 2256 898 et
2300 854 2459 898 cae-

187 955 427 1008 »teram
469 948 922 1030 supellectilem
970 958 1032 1012 et
1076 971 1233 1032 opes
1278 951 1359 1012 ab
1406 970 1484 1013 eo
1531 953 1875 1031 requirens.
1963 950 2214 1013 Samuel
2247 958 2460 1012 autem

188 1080 422 1139 »quum
467 1070 728 1143 negaret
772 1062 1040 1138 tradere,
1087 1064 1414 1128 occidebat
1460 1064 1788 1127 el-Harith
1833 1066 1966 1148 ejus
2009 1063 2225 1138 filium,
2271 1082 2456 1143 quem

186 1175 400 1255 »apud
442 1195 513 1238 se
555 1176 829 1240 vinctum
870 1177 1184 1254 habebat,
1225 1177 1603 1241 Kodalmam.
1688 1176 1786 1241 Ad
1833 1196 1974 1240 eum
2020 1198 2234 1240 casum
2278 1178 2461 1240 dice-

188 1287 340 1350 »bat
384 1289 639 1351 Samuel
688 1290 970 1356 celebres
1014 1292 1161 1356 illos
1221 1313 1374 1356 suos
1431 1313 1682 1369 versus,
1742 1292 1822 1355 de
1876 1310 2139 1373 quorum
2196 1308 2457 1351 numero

184 1408 374 1463 »sunt
415 1401 514 1464 hi:
1049 1417 1052 1420 '

507 1517 863 1593 »Satisfeci
908 1520 1232 1601 promissis
1276 1520 1435 1582 meis
1483 1519 1653 1582 circa
1696 1518 1927 1582 loricas
1965 1516 2364 1579 el-Kindit‘ae
2389 1516 2460 1598 e).

440 1630 763 1714 Utcunque
799 1653 898 1696 me
933 1641 1162 1712 taxent,
1207 1633 1476 1718 gloriam
1513 1641 1720 1695 tamen
1750 1631 2093 1714 praestitae
2122 1629 2273 1692 fidei
2307 1628 2461 1693 mihi

441 1745 822 1825 comparavi.

525 1859 654 1919 »Ita
701 1859 852 1920 mibi
885 1868 1068 1941 pater
1102 1859 1252 1921 olim
1282 1879 1461 1923 meus
1494 1861 1890 1943 injungebat:
1934 1861 2027 1921 Ne
2056 1865 2142 1936 tu,
2186 1857 2460 1934 Samuel,

442 1970 750 2051 inquiens,
795 1991 875 2033 ne
920 1979 986 2033 tu
1034 1973 1340 2047 destruaS,
1387 1993 1550 2054 quae
1596 1993 1712 2056 ego
1758 1972 2072 2036 condidi.«

182 2082 372 2142 »Hoc
415 2082 619 2164 ipsum
665 2083 881 2145 nobile
926 2083 1169 2145 facinus
1214 2084 1459 2169 attingit
1504 2085 1831 2149 el-A'scha
1875 2086 1939 2147 in
1980 2084 2104 2146 isto
2141 2103 2290 2146 suo:

539 2197 728 2259 »Esto
774 2205 842 2259 ut
885 2196 1172 2272 Samuel,
1242 2198 1348 2279 qui
1403 2200 1687 2262 visitatus
1742 2218 1779 2262 a
1837 2201 1972 2262 viro
2017 2206 2274 2260 strenuo
2320 2218 2463 2284 cum

444 2330 781 2373 numeroso
831 2319 893 2373 et
936 2310 1289 2391 armicrepo
1337 2313 1649 2388 exercitu,
1708 2321 1833 2375 tam
1891 2310 2090 2373 denso
2147 2319 2336 2393 atque
2381 2311 2461 2372 ab

447 2424 637 2486 armis
681 2424 903 2486 ferreis
948 2424 1326 2505 nigricante,
1373 2434 1563 2507 atque
1608 2434 1704 2489 est
1747 2447 1876 2492 nox
1921 2427 2229 2503 obscura,

524 2538 902 2621 »Postquam
946 2556 1286 2621 parumper
1330 2538 1749 2604 deliberasset
1784 2539 1855 2626 f),
1902 2540 2154 2604 dicebat
2197 2560 2465 2622 aggres-

440 2654 594 2728 sori,
637 2652 999 2735 permittere
1043 2653 1146 2715 sui
1183 2652 1300 2714 filii
1346 2655 1631 2731 caedem,
1675 2675 1746 2718 se
1788 2656 2001 2737 potius
2048 2655 2238 2718 malle
2281 2677 2462 2719 suum

442 2767 735 2831 clientem
782 2775 844 2829 et
887 2767 1281 2830 foederatum
1330 2765 1889 2853 (Amrul-Kaisum)
1932 2780 2328 2853 protegere.«

187 2878 500 2963 »Explicit
542 2900 754 2942 sermo
803 2881 883 2943 de
926 2881 1177 2964 regibus
1220 2882 1675 2944 Kinditarum.«

352 2995 670 3056 Hactenus
732 2994 1046 3056 Abulfeda
1113 3014 1187 3056 ex
1251 2994 1648 3058 el-Camilo.
1754 2994 2079 3077 Disputavi
2136 2994 2216 3057 de
2276 2994 2462 3077 hujus

181 3107 618 3169 Amrul-Kaisi
673 3116 881 3171 aetate
926 3107 990 3169 in
1035 3108 1311 3190 Prologo
1360 3108 1441 3170 ad
1488 3109 1804 3170 Tharafae
1846 3107 2282 3183 Mo’allakam;
2344 3129 2463 3170 ve-

181 3242 319 3284 rum
365 3222 480 3284 illo
527 3230 847 3303 tempore,
895 3242 1021 3303 quo
1070 3241 1146 3284 ea
1190 3222 1583 3298 scribebam,
1629 3223 1907 3286 nondum
1954 3221 2288 3286 cernebam
2333 3230 2463 3284 tam

185 3334 373 3411 clare,
417 3344 544 3397 tam
592 3343 774 3398 acute
818 3336 878 3397 in
922 3335 1045 3397 bac
1091 3344 1303 3398 vetere
1343 3338 1621 3400 Arabum
1671 3338 1967 3414 historia;
2009 3337 2176 3400 unde
2210 3338 2462 3411 factum,

185 3457 248 3511 ut
307 3470 439 3511 non
503 3450 848 3513 admodum
912 3459 1208 3512 accurate
1267 3451 1681 3514 definiverim.
1782 3454 1960 3516 Patet
2022 3472 2102 3515 ex
2157 3451 2461 3514 hactenus

186 3562 384 3640 dictiS,
430 3563 603 3645 quod
647 3564 765 3626 sub
812 3565 1245 3627 el-Mondziro
1278 3565 1446 3642 tho,
1492 3587 1641 3650 rege
1667 3567 1954 3644 Hirense,
1997 3567 2099 3629 vel
2132 3565 2248 3628 sub
2284 3566 2462 3625 Hor-

184 3679 389 3741 misda
436 3679 573 3742 filio
622 3678 875 3742 Cosrois
919 3678 1420 3757 Anuschirwani,
1463 3681 1529 3743 id
1576 3688 1670 3743 est
1714 3702 1768 3744 c.
1811 3684 1881 3744 A.
1927 3681 1991 3743 C.
2027 3679 2173 3754 580,
2219 3676 2460 3750 vixerit,

188 3800 246 3853 et
298 3794 476 3874 quod
532 3791 799 3874 proinde
855 3793 1131 3855 Graecus
1183 3794 1565 3876 Imperator,
1624 3795 1706 3857 ad
1753 3813 1938 3876 quem
1985 3789 2251 3872 supplex
2296 3808 2461 3850 con-

184 3906 416 3981 tendit,
481 3906 899 3988 probabiliter
950 3907 1237 3970 Tiberius
1294 3909 1642 3984 secunduS,
1702 3917 1809 3970 aut
1865 3904 2197 3967 Mauricius
2254 3902 2459 3964 fuerit.

185 4019 463 4083 Hamzah
522 4039 666 4082 eum
725 4020 808 4082 ad
869 4021 1386 4087 el-Mondzirum
1443 4020 1691 4084 tertium
1751 4020 1972 4094 refert3
2034 4038 2159 4080 non
2205 4017 2460 4099 quidem

194 4171 296 4179 -——·

295 4272 346 4342 e)
386 4271 544 4336 Quod
584 4290 777 4344 nempe
815 4270 924 4324 noli
964 4269 1082 4332 alii,
1125 4278 1495 4341 praeterquam
1532 4268 1662 4321 hero
1702 4285 1884 4321 earum
1924 4269 2148 4323 tradere.

288 4370 341 4439 s)
378 4368 464 4423 Ad
515 4372 827 4441 permissam
881 4370 1183 4440 optionem,
1238 4378 1326 4422 aut
1378 4366 1618 4421 tradendi
1670 4367 1998 4439 depositum,
2057 4378 2145 4422 aut
2198 4367 2455 4439 perdendi

191 4484 341 4522 suum
379 4469 565 4522 lilium.

2014 4696 2179 4814 'f‘
