2981 5125
1046 350 1601 419 ..5-

179 530 360 593 aiunt
384 531 469 592 ab
490 529 773 608 umba,
794 530 930 593 filio
947 531 1136 616 Amri)
1156 533 1221 595 in
1245 533 1570 597 'simmam
1596 535 1765 597 circa
1779 536 1985 598 catha
2006 537 2177 598 Man·
2191 518 2276 633 (3.»
2295 536 2457 640 0122)

180 653 243 708 et
289 648 352 707 in
396 643 688 718 Meccah‚
734 650 795 704 et
837 643 1064 720 Malik,
1106 645 1273 708 filius
1312 648 1541 724 Fahm,
1586 655 1805 711 auctor
1847 650 2023 730 regni
2068 651 2456 712 Lachmida—

177 780 319 822 rum
364 758 429 819 in
476 764 740 819 tractum
787 758 1053 822 el-Iraki
1098 768 1161 822 et
1206 762 1504 824 el-Hirae
1545 785 1683 828 cum
1716 761 2071 827 Lachmidis
2104 772 2166 825 et
2204 764 2460 826 Dschoq

179 873 471 936 dzamitis
517 863 753 973 (fieb)
785 870 864 956 s)..

355 987 629 1062 Quando
687 1005 837 1066 ergo
892 987 1128 1051 nullum
1174 989 1289 1051 fuit
1330 992 1754 1076 interregnum
1799 993 1862 1055 in
1907 993 2200 1077 dynastia
2247 996 2462 1057 Lach-

178 1102 514 1178 midarum,
560 1100 752 1184 (quod
798 1102 1222 1179 statuendum,
1269 1105 1414 1185 quia
1460 1105 1699 1169 nullum
1742 1108 2024 1172 historici
2069 1109 2462 1192 memorant,)

178 1222 248 1276 et
307 1215 453 1276 an'ni
515 1215 677 1276 bene
733 1214 1001 1290 habent,
1061 1237 1221 1298 quos
1266 1218 1506 1280 Hamza
1550 1215 2011 1285 cuivis'eorum
2056 1223 2463 1308 regitribuit,

177 1327 380 1411 (quod
425 1328 616 1389 etiam
659 1328 1168 1409 subsumendum,
1213 1332 1513 1414 quoniam
1559 1334 1712 1395 nihil
1757 1335 1823 1396 in
1868 1336 2252 1397 contrarium
2299 1335 2463 1396 alle-—

173 1461 333 1525 gare
393 1441 770 1526 possumus,)
830 1449 893 1505 et
944 1463 1159 1508 verum
1211 1454 1332 1520 est,
1400 1447 1570 1528 quod
1614 1448 1726 1509 Ibn
1771 1449 2014 1511 Doraid
2060 1449 2177 1525 ait,
2241 1466 2463 1509 eorum

172 1576 444 1639 regnum
489 1558 616 1621 500
663 1578 865 1621 annos
910 1558 1043 1621 fere
1090 1560 1378 1637 durasse,
1427 1561 1722 1638 efficitur,
1767 1561 1821 1623 si
1867 1562 2236 1648 retrograde
2281 1582 2464 1624 com-

169 1679 470 1753 putemus
516 1692 731 1736 eorum
782 1692 1013 1752 annos,
1074 1694 1111 1737 a
1154 1674 1281 1739 fine
1325 1676 1655 1759 dynastiae
1701 1696 1957 1753 eorum,
2014 1677 2121 1758 qui
2168 1677 2463 1739 terminus

172 1792 425 1874 eertuS,
489 1785 653 1850 fixus
699 1794 760 1849 et
805 1795 1161 1869 compertus
1207 1797 1329 1866 est,
1397 1788 1684 1853 nimirum
1742 1809 1913 1857 anno
1960 1798 2108 1873 post
2152 1787 2461 1851 Christum

170 1907 398 1962 natum
442 1901 589 1977 608,
644 1900 926 1975 efficitur,
969 1902 1246 1983 inquam,
1289 1902 1457 1964 hunc
1501 1903 1797 1965 Malikum
1842 1903 2096 1965 ineunte
2145 1912 2209 1963 et
2252 1900 2461 1961 medio

168 2015 403 2077 seculo
468 2024 615 2096 post
660 2014 985 2089 Christum⁴
1028 2013 1233 2094 primo
1293 2017 1526 2078 vixisse
1577 2026 1640 2078 et
1696 2014 2029 2098 regnasse,
2097 2024 2159 2077 et
2202 2015 2466 2098 perinde

171 2127 664 2190 memorabilem
724 2127 892 2189 hanc
958 2128 1269 2208 epocham
1341 2137 1561 2210 ruptae
1628 2136 2013 2191 catarractae
2077 2128 2241 2190 circa
2301 2127 2466 2188 idem

171 2252 431 2324 tempus
491 2241 931 2304 collocandam
995 2261 1152 2304 esse.
1255 2242 1443 2306 Plura
1505 2243 1711 2306 statim
1775 2244 1898 2306 hac
1964 2243 2042 2303 de
2111 2261 2181 2302 re
2246 2239 2466 2302 dicam.

170 2357 299 2419 Hic
344 2363 586 2432 autem,
631 2362 702 2417 ut
742 2355 964 2442 melius
1007 2355 1148 2416 fieri
1193 2358 1396 2436 possit
1432 2357 1768 2439 judicium,
1821 2374 2140 2439 apponam
2186 2354 2467 2417 latercu-

174 2471 308 2532 lum
352 2489 570 2552 regum
605 2470 952 2545 Persarum,
999 2468 1260 2554 (absque
1306 2492 1578 2551 quorum
1621 2471 1887 2534 historia
1934 2490 2035 2532 res
2080 2468 2466 2530 Lachmida—

175 2606 317 2647 rum
365 2593 684 2665 nequeunt
726 2584 1006 2668 intelligi)
1054 2577 1115 2647 et
1159 2585 1456 2668 deinceps
1501 2586 1782 2687 ipsorum
1828 2585 2338 2647 Lachmidarum.

224 2929 231 2937 ,
290 2872 341 2940 s)
380 2868 755 2924 Memorabilia
795 2878 917 2922 sunt
954 2868 1115 2922 verba
1153 2868 1251 2921 lbu
1286 2867 1555 2922 Kotaibah
1594 2867 1660 2921 de
1699 2867 1802 2920 hoc
1833 2866 2056 2921 Maliko.
2106 2866 2343 2930 »Exibat‚
2380 2868 2467 2931 ait,

179 2990 249 3025 ex
285 2968 600 3024 el-Jemana
635 2985 758 3020 cum
795 2967 908 3021 filio
947 2965 1145 3030 Amiri,
1186 2966 1500 3038 Mozaikija,
1538 2966 1769 3020 sentiens
1810 2974 2083 3035 rupturam
2124 2974 2463 3018 catarractae.

182 3086 351 3142 quum
390 3068 568 3139 itaque
595 3063 819 3121 Azditae
856 3068 1182 3140 aliquamdiu
1220 3066 1579 3121 substitissent
1613 3066 1669 3118 in
1707 3064 1845 3118 urbe
1874 3064 2100 3119 Meccah
2140 3074 2190 3118 et
2215 3064 2468 3119 Dschor-

181 3167 424 3221 bamidas
462 3163 643 3263 (252.)
686 3168 986 3237 privassent
1020 3168 1275 3222 neocoria
1315 3183 1498 3220 sacrae
1534 3164 1683 3250 aedis
1726 3161 2045 3228 el-Ca’bae‚
2094 3164 2309 3218 exibant
2346 3182 2468 3218 cum

183 3266 390 3322 Maliko
430 3285 618 3322 versus
654 3265 920 3332 el-lrak,
974 3267 1126 3338 cujus
1166 3265 1475 3338 provinciae
1526 3283 1620 3319 rex
1657 3264 1749 3319 ille
1787 3263 1972 3333 viginti
2009 3281 2106 3334 per
2144 3282 2313 3317 annos
2353 3264 2467 3318 fuit.

185 3367 493 3422 Choza'itae
530 3384 658 3421 vero
695 3383 804 3420 non
842 3346 1055 3420 exibant
1088 3364 1296 3430 Mecca‚
1334 3366 1428 3420 sed
1465 3365 1750 3419 manebant
1777 3355 1861 3417 'ihi
1899 3381 1958 3417 se
1992 3371 2197 3417 tuentes
2234 3364 2288 3417 in
2324 3381 2468 3417 neo-

184 3470 334 3522 coria
369 3469 542 3521 dictae
579 3465 899 3521 el-Ca'bae«
925 3466 982 3537 ¹).
1056 3465 1116 3520 Si
1153 3466 1394 3538 sequaris
1431 3464 1761 3520 Nuwairium
1800 3464 1925 3518 edit.
1964 3462 2264 3519 SchultenS.
2303 3483 2354 3535 p.
2384 3466 2469 3525 75,

176 3579 301 3627 erat
341 3570 458 3639 ipse
496 3566 923 3622 Dschodzaimah
961 3566 1198 3638 aequalis
1237 3557 1800 3637 Sapori'Scapulario,
1837 3565 1890 3617 id
1928 3575 2009 3619 est
2045 3564 2109 3619 A.
2145 3563 2204 3619 C.
2228 3567 2331 3619 330
2363 3574 2465 3617 etc.

261 3670 301 3738 “)
345 3667 528 3723 Exstat
547 3667 635 3721 hic
663 3668 814 3721 locus
846 3669 899 3720 in
930 3667 1209 3720 Eichhorn
1237 3665 1480 3722 Monum.
1511 3664 1667 3736 antiq.
1699 3664 1819 3718 hist.
1847 3663 2104 3719 Arabum.
2135 3683 2183 3734 p.
2219 3660 2464 3731 179(E.).
