2981 5125
1343 348 1442 356 NJ
1573 300 1678 379 10
1810 347 1904 356 m

489 494 793 556 exstiterit
835 493 951 555 sub
998 492 1132 554 istis
1177 492 1442 576 regulis,
1510 492 1575 553 id
1621 497 1716 554 est
1759 475 1965 555 statim
2019 468 2171 576 post
2210 494 2634 557 Alexandrum
2677 497 2778 557 M.
2816 483 2827 491 ⁸

484 620 550 692 ct
590 618 734 673 ante
779 608 1095 672 conditum
1139 587 1466 688 impe'rium
1510 607 1971 669 Arsacidarum.
2078 609 2199 670 Aut
2242 629 2393 693 ergo
2442 609 2586 670 anni
2631 611 2780 671 ho·-

483 746 623 788 rum
659 721 1461 808 regum‚Lachmiticorum,
1510 740 1669 802 quos
1717 740 1795 782 ex
1824 721 2107 783 Hamzah
2140 721 2411 784 fideliter
2443 707 2779 804 exscripsi,

488 839 656 901 male
699 857 768 900 se
811 837 1068 912 habent,
1112 831 1220 897 aut
1261 835 1504 896 isthaec
1548 833 1813 896 historia
1856 834 2107 899 laborat
2148 836 2444 913 hiatibuS,
2491 845 2555 898 et
2596 844 2780 899 totus

486 952 596 1014 ille
641 957 858 1013 noster
902 949 1178 1012 calculus
1224 969 1453 1031 pravus
1502 957 1563 1011 et
1606 949 1838 1012 inutilis
1886 959 2011 1013 est:
2077 959 2184 1013 aut
2226 971 2379 1014 vera
2421 954 2582 1014 haec
2636 972 2781 1033 po-

486 1073 720 1127 strema
762 1083 891 1126 non
935 1072 1079 1126 sunt
1102 1062 1162 1148 l).
1261 1065 1522 1140 Mirum,
1592 1082 1776 1145 quam
1837 1082 1874 1125 a
1933 1084 2002 1125 se
2065 1065 2423 1147 discrepent
2478 1044 2782 1128 auctores

485 1179 586 1243 his
633 1179 695 1240 in
740 1179 930 1241 rebus
978 1156 1290 1262 originum
1331 1179 1738 1241 Arabicarum
1782 1179 2154 1241 immaniter.
2248 1179 2533 1259 Exempli
2577 1197 2784 1241 causa

486 1294 775 1357 Hadschi
799 1293 1066 1356 Chalfah
1109 1301 1328 1355 noster
1369 1292 1459 1354 ait
1502 1313 1761 1375 regnum
1806 1282 2289 1356 Lachmi'darum
2335 1293 2597 1354 durasse
2644 1310 2783 1354 an-

489 1429 609 1472 nos
641 1409 767 1472 622
813 1407 1004 1492 (quod
1048 1407 1162 1468 Ibn
1198 1406 1438 1468 Doraid
1484 1405 1574 1468 ait
1617 1407 1880 1469 durasse
1925 1427 2125 1470 annos
2156 1404 2323 1489 500),
2368 1412 2429 1466 et
2457 1405 2784 1487 incepisse

358 1517 373 1532 '
492 1541 661 1584 anno
708 1522 923 1583 mundi
969 1522 1140 1585 5606
1186 1528 1332 1584 octo
1378 1521 1558 1604 annis
1606 1530 1941 1603 antequam
1981 1526 2157 1585 Jesus
2194 1522 2475 1586 Christus
2520 1523 2782 1604 incipe-

488 1644 586 1698 ret
628 1635 691 1697 in
738 1620 1103 1718 Coelesyria
1147 1655 1408 1718 regnum
1452 1637 1569 1698 Dei
1613 1636 1984 1716 praedicare
2031 1645 2091 1699 et
2124 1639 2399 1699 Joannes
2432 1639 2784 1700 Zachariae

488 1750 655 1812 filius
702 1751 783 1812 ab
829 1751 1022 1830 impio
1068 1750 1326 1811 Herode
1368 1749 1801 1811 trucidaretur.
1897 1751 2181 1823 Hamzah
2238 1770 2389 1814 vero
2449 1758 2512 1813 et
2547 1752 2784 1814 -Abul-

490 1866 640 1927 feda
696 1865 964 1946 primum
1022 1863 1210 1946 hujus
1264 1863 1631 1926 Lachmitici
1683 1861 2312 1945 regni'conditorem
2368 1865 2430 1926 in
2490 1873 2786 1945 tempora

491 1977 837 2060 primorum
875 1977 1253 2058 Lagidarum
1289 1983 1623 2057 reponunt.
1710 1978 1850 2039 Non
1886 1998 2219 2073 possumus
2247 1978 2374 2040 hoc
2412 1978 2541 2040 ullo
2581 1978 2782 2041 modo

495 2091 869 2166 conciliare,
930 2091 1048 2152 nisi
1097 2090 1376 2152 dicemus
1421 2091 1952 2153 Dschodzaimam
2002 2091 2495 2154 el-Abraschum
2542 2083 2786 2179 (Χςώ

495 2202 746 2300 φθῇς),
809 2226 922 2266 seu
981 2204 1407 2280 maculosum,
1464 2207 1652 2288 hujus
1699 2205 1912 2268 Maliki
1959 2226 2088 2267 non
2131 2205 2331 2268 filium
2376 2206 2601 2280 fuisse,
2663 2206 2785 2266 sed

498 2320 647 2382 laxo
694 2337 883 2381 sensu
930 2325 992 2380 et
1037 2318 1442 2382 orientalibus
1489 2327 1797 2382 consueto
1845 2318 2220 2400 abnepotem
2269 2327 2333 2381 et
2377 2320 2786 2382 descenden-

499 2440 644 2507 tem,
692 2441 755 2495 et
795 2432 916 2494 hos
963 2432 1187 2494 ambos
1233 2432 1665 2495 intercessisse
1710 2453 1891 2516 reges
1935 2424 2121 2509 alioS,
2167 2454 2432 2512 quorum
2475 2436 2787 2496 memoria

500 2556 874 2613 conservata
919 2567 1047 2609 non
1096 2546 1227 2609 fuit.
1317 2547 1421 2611 Sic
1450 2567 1705 2630 quoque
1733 2545 2013 2610 Hadschi
2043 2546 2264 2610 Chalfa
2295 2547 2548 2612 Ca'bum
2582 2548 2783 2612 filium

496 2664 736 2746 Lowaij
787 2663 934 2725 dicit
978 2680 1145 2723 anno
1190 2662 1272 2723 M.
1316 2638 1484 2723 5644
1533 2662 1787 2738 obiisse,
1833 2683 1958 2744 quo
2003 2662 2230 2725 Paulus
2274 2665 2514 2726 Romae
2558 2660 2787 2745 passus
2877 2692 2889 2706 ·

498 2784 612 2839 est.
696 2779 776 2837 At
818 2775 1162 2837 secundum
1205 2776 1509 2838 Hamzam
1532 2774 1603 2861 11¹)
1652 2778 1802 2841 vixit
1841 2778 2088 2860 nepotis
2135 2777 2270 2860 ejus
2313 2776 2497 2854 filius,
2542 2778 2787 2861 Kosaij,

500 2890 668 2952 filius
712 2888 933 2966 Kilab,
994 2888 1109 2979 filii
1155 2892 1448 2966 Morrah‚
1504 2891 1620 2953 filii
1665 2891 1844 2969 Ca'b,
1889 2894 2007 2955 sub
2051 2892 2316 2954 Fairuzo
2365 2890 2484 2976 (vel
2528 2892 2786 2976 Perose)
2832 2943 2840 2953 .

503 3006 666 3067 circa
711 3005 781 3066 A.
827 3025 887 3085 p.
934 3003 999 3066 C.
1043 3025 1104 3065 n.
1149 3004 1296 3066 460.
1395 3004 1585 3094 Quo-d
1629 3004 1883 3069 tandem
1927 3025 2187 3087 prorsus
2233 2999 2638 3083 ἀσύστατον,
2698 3006 2791 3067 ait

508 3118 790 3180 Hamzah
835 3125 1083 3198 ruptam
1127 3117 1325 3180 fuisse
1357 3125 1772 3180 catarractam
1797 3118 2217 3185 Maribensem
2256 3139 2421 3181 anno
2451 3119 2585 3182 sere
2618 3139 2790 3201 qua—

505 3231 997 3315 dringentesimo
1057 3239 1202 3293 ante
1257 3232 1670 3293 lslamismum
1730 3231 1851 3315 (vel
1905 3232 2270 3314 religionem
2316 3234 2788 3296 Muhammedi—

506 3345 662 3429 cam)
708 3345 1147 3420 introductum,
1192 3343 1259 3405 id
1305 3352 1399 3406 est
1445 3346 1690 3433 duobus
1737 3346 1964 3409 seculis
2008 3356 2153 3428 post
2196 3349 2506 3412 Christum
2553 3356 2788 3425 natum,

507 3430 693 3540 eique
737 3457 1067 3539 aequalem
1113 3458 1306 3521 fuisse
1344 3467 1625 3521 nostrum
1658 3460 1980 3539 Malikum,
2024 3461 2222 3523 filium
2250 3462 2491 3538 Fahmi,
2538 3471 2600 3524 et
2634 3461 2789 3526 alibi

505 3581 715 3635 tamen
760 3572 929 3634 idem
974 3591 1116 3634 eum
1161 3572 1245 3635 ad
1290 3580 1579 3655 te'mpora
1622 3578 1966 3657 primorum
2010 3576 2386 3659 Lagidarum
2433 3577 2659 3652 refert,
2721 3576 2789 3637 id

509 3696 604 3750 est
649 3688 731 3749 ad
766 3686 1024 3792 'tertium
1071 3695 1134 3749 et
1176 3689 1308 3749 fere
1354 3696 1639 3771 quartum
1687 3688 1965 3752 seculum
2012 3697 2156 3752 ante
2199 3690 2505 3753 Christum
2555 3697 2788 3751 natum.
2833 3777 2836 3782 ⁴

514 3808 1078 3817 —Qm——q

637 3883 674 3953 1)
713 3882 1001 3956 Postquam
1040 3883 1171 3937 haec
1207 3885 1417 3955 scripsi,
1458 3885 1788 3956 deprehendi
1824 3884 2035 3954 regulas
2076 3865 2477 3939 provinciarum
2514 3903 2621 3939 non
2660 3893 2788 3939 tan-

510 3990 621 4036 tum
659 3981 782 4035 illos
821 3982 1112 4053 appellari,
1163 3983 1252 4055 qui
1305 3992 1427 4053 post
1456 3982 1823 4038 Alexandrum
1856 3983 1961 4048 M„
2019 3985 2113 4039 sed
2150 3983 2308 4038 etiam
2346 3984 2503 4049 illos„
2558 3986 2649 4057 qui
2685 3984 2787 4037 sub

511 4080 875 4135 Arsacidiset
911 4080 1122 4137 labente
1150 4101 1338 4137 eorum
1377 4074 1616 4155 dynastia
1656 4093 1831 4155 partes
1869 4084 2105 4139 diversas
2140 4086 2352 4155 imperii
2382 4069 2583 4138 Persici
2622 4086 2691 4138 ad
2733 4103 2790 4139 se

516 4182 866 4253 arripuerant.
939 4182 1079 4235 Vide
1127 4181 1265 4236 infra
1311 4185 1490 4237 locum
1542 4182 1780 4237 Hamzae
1833 4184 1889 4249 in
1940 4183 2103 4238 rebus
2140 4181 2408 4248 Amri1.,
2467 4183 2608 4236 unde
2646 4184 2792 4237 clare

514 4283 620 4337 hoc
656 4291 813 4353 patet.
887 4280 1034 4352 Ergo
1066 4266 1150 4335 'sic
1187 4283 1344 4337 simul
1383 4294 1435 4338 et
1472 4285 1636 4339 semel
1666 4283 1871 4338 sublata
1900 4284 2002 4339 erit
2026 4284 2200 4338 omnis
2230 4283 2605 4348 controversia,
2646 4300 2790 4337 con-

512 4382 762 4437 tradictio
801 4391 852 4436 ct
889 4380 1203 4436 obscuritas.

612 4482 683 4555 m)
721 4483 803 4538 ed.
842 4482 1149 4536 Schultens.
1193 4500 1243 4552 p.
1284 4486 1368 4538 36.
1408 4514 1473 4521 —-
1550 4487 1631 4541 ed.
1677 4458 1999 4540 Gouwa‘zae.
2045 4504 2094 4556 p.
2133 4488 2247 4542 133.
